{
  "updated_at": "2026-03-29 00:53:23 KST",
  "balances": {
    "BTC": 0.00046191,
    "KRW": 48801.78440486,
    "USDT": 13376.37999633
  },
  "orders": [
    {
      "uuid": "52b1ad74-223d-4d61-bb4d-5c391294bf53",
      "side": "ask",
      "ord_type": "limit",
      "price": "100943000",
      "avg_price": "100892528.5",
      "state": "done",
      "market": "KRW-BTC",
      "created_at": "2026-03-28T09:02:28+09:00",
      "volume": "0.0001612",
      "remaining_volume": "0",
      "prevented_volume": "0",
      "reserved_fee": "0",
      "remaining_fee": "0",
      "paid_fee": "8.1360058",
      "locked": "0",
      "prevented_locked": "0",
      "executed_volume": "0.0001612",
      "trades_count": 1,
      "application_name": "self_issued_open_api",
      "thirdparty": false,
      "is_cancel_and_newable": true
    },
    {
      "uuid": "058ddf41-102c-47a9-93a2-be66c2c5a9d9",
      "side": "ask",
      "ord_type": "limit",
      "price": "100948000",
      "avg_price": "100897526",
      "state": "done",
      "market": "KRW-BTC",
      "created_at": "2026-03-28T09:01:26+09:00",
      "volume": "0.0001612",
      "remaining_volume": "0",
      "prevented_volume": "0",
      "reserved_fee": "0",
      "remaining_fee": "0",
      "paid_fee": "8.1364088",
      "locked": "0",
      "prevented_locked": "0",
      "executed_volume": "0.0001612",
      "trades_count": 1,
      "application_name": "self_issued_open_api",
      "thirdparty": false,
      "is_cancel_and_newable": true
    },
    {
      "uuid": "a17b4d52-57af-4e07-a228-08f3bc99f37d",
      "side": "ask",
      "ord_type": "limit",
      "price": "100996000",
      "avg_price": "100945502",
      "state": "done",
      "market": "KRW-BTC",
      "created_at": "2026-03-28T09:00:23+09:00",
      "volume": "0.0001612",
      "remaining_volume": "0",
      "prevented_volume": "0",
      "reserved_fee": "0",
      "remaining_fee": "0",
      "paid_fee": "8.1402776",
      "locked": "0",
      "prevented_locked": "0",
      "executed_volume": "0.0001612",
      "trades_count": 3,
      "application_name": "self_issued_open_api",
      "thirdparty": false,
      "is_cancel_and_newable": true
    },
    {
      "uuid": "a8141354-ca13-4889-8d7b-513f5c267176",
      "side": "bid",
      "ord_type": "limit",
      "price": "1511",
      "avg_price": "1511.7555",
      "state": "done",
      "market": "KRW-USDT",
      "created_at": "2026-03-27T09:40:48+09:00",
      "volume": "3307.41313658",
      "remaining_volume": "0",
      "prevented_volume": "0",
      "reserved_fee": "2498.75062468619",
      "remaining_fee": "0",
      "paid_fee": "2498.75062468619",
      "locked": "0",
      "prevented_locked": "0",
      "executed_volume": "3307.41313658",
      "trades_count": 1,
      "application_name": "android",
      "thirdparty": false,
      "is_cancel_and_newable": true
    },
    {
      "uuid": "55ce7dee-e6bf-4f5c-9c51-331b3954adb1",
      "side": "bid",
      "ord_type": "limit",
      "price": "1489",
      "avg_price": "1489.7445",
      "state": "done",
      "market": "KRW-USDT",
      "created_at": "2026-03-24T16:02:46+09:00",
      "volume": "10068.96685975",
      "remaining_volume": "0",
      "prevented_volume": "0",
      "reserved_fee": "7496.345827083875",
      "remaining_fee": "0",
      "paid_fee": "7496.345827083875",
      "locked": "0",
      "prevented_locked": "0",
      "executed_volume": "10068.96685975",
      "trades_count": 1,
      "application_name": "android",
      "thirdparty": false,
      "is_cancel_and_newable": true
    },
    {
      "uuid": "6e90ad39-26bb-4d30-9cad-9e7d98960ea1",
      "side": "bid",
      "ord_type": "limit",
      "price": "104335000",
      "avg_price": "104387167.5",
      "state": "done",
      "market": "KRW-BTC",
      "created_at": "2026-03-14T15:32:51+09:00",
      "volume": "0.0000575",
      "remaining_volume": "0",
      "prevented_volume": "0",
      "reserved_fee": "2.99963125",
      "remaining_fee": "0",
      "paid_fee": "2.99963125",
      "locked": "0",
      "prevented_locked": "0",
      "executed_volume": "0.0000575",
      "trades_count": 1,
      "application_name": "self_issued_open_api",
      "thirdparty": false,
      "is_cancel_and_newable": true
    },
    {
      "uuid": "c26b898b-1c67-4e65-9601-efd483f48672",
      "side": "bid",
      "ord_type": "limit",
      "price": "103254000",
      "avg_price": "103304626.5",
      "state": "done",
      "market": "KRW-BTC",
      "created_at": "2026-03-13T09:00:20+09:00",
      "volume": "0.0000581",
      "remaining_volume": "0",
      "prevented_volume": "0",
      "reserved_fee": "2.9995287",
      "remaining_fee": "0.00002905",
      "paid_fee": "2.99949965",
      "locked": "0.05812905",
      "prevented_locked": "0",
      "executed_volume": "0.0000581",
      "trades_count": 1,
      "application_name": "self_issued_open_api",
      "thirdparty": false,
      "is_cancel_and_newable": true
    },
    {
      "uuid": "1639d6c6-d0bf-4796-996c-a5112d15af3f",
      "side": "bid",
      "ord_type": "limit",
      "price": "101995000",
      "avg_price": "102045997.5",
      "state": "done",
      "market": "KRW-BTC",
      "created_at": "2026-03-12T13:00:23+09:00",
      "volume": "0.00005438",
      "remaining_volume": "0",
      "prevented_volume": "0",
      "reserved_fee": "2.77324405",
      "remaining_fee": "0",
      "paid_fee": "2.77324405",
      "locked": "0",
      "prevented_locked": "0",
      "executed_volume": "0.00005438",
      "trades_count": 1,
      "application_name": "self_issued_open_api",
      "thirdparty": false,
      "is_cancel_and_newable": true
    },
    {
      "uuid": "6b9cfc8d-9703-46f6-873d-2adb6bde1294",
      "side": "bid",
      "ord_type": "limit",
      "price": "102822000",
      "avg_price": "102873411",
      "state": "done",
      "market": "KRW-BTC",
      "created_at": "2026-03-12T09:00:20+09:00",
      "volume": "0.00005829",
      "remaining_volume": "0",
      "prevented_volume": "0",
      "reserved_fee": "2.99674719",
      "remaining_fee": "0",
      "paid_fee": "2.99674719",
      "locked": "0",
      "prevented_locked": "0",
      "executed_volume": "0.00005829",
      "trades_count": 1,
      "application_name": "self_issued_open_api",
      "thirdparty": false,
      "is_cancel_and_newable": true
    },
    {
      "uuid": "86fd657f-b585-429f-bfea-defec3b0aef2",
      "side": "bid",
      "ord_type": "limit",
      "price": "103175000",
      "avg_price": "103226587.5",
      "state": "done",
      "market": "KRW-BTC",
      "created_at": "2026-03-12T05:00:22+09:00",
      "volume": "0.00005809",
      "remaining_volume": "0",
      "prevented_volume": "0",
      "reserved_fee": "2.996717875",
      "remaining_fee": "0",
      "paid_fee": "2.996717875",
      "locked": "0",
      "prevented_locked": "0",
      "executed_volume": "0.00005809",
      "trades_count": 1,
      "application_name": "self_issued_open_api",
      "thirdparty": false,
      "is_cancel_and_newable": true
    },
    {
      "uuid": "cc8b0e3f-6fc4-4d64-ac43-11211e0e736e",
      "side": "ask",
      "ord_type": "limit",
      "price": "99400000",
      "avg_price": "99350300",
      "state": "done",
      "market": "KRW-BTC",
      "created_at": "2026-03-09T01:13:38+09:00",
      "volume": "0.00014132",
      "remaining_volume": "0",
      "prevented_volume": "0",
      "reserved_fee": "0",
      "remaining_fee": "0",
      "paid_fee": "7.023604",
      "locked": "0",
      "prevented_locked": "0",
      "executed_volume": "0.00014132",
      "trades_count": 1,
      "application_name": "self_issued_open_api",
      "thirdparty": false,
      "is_cancel_and_newable": true
    },
    {
      "uuid": "5bb8d70d-1a0f-4b76-a9bf-5afa06a395ba",
      "side": "ask",
      "ord_type": "limit",
      "price": "99410000",
      "avg_price": "99360295",
      "state": "done",
      "market": "KRW-BTC",
      "created_at": "2026-03-09T01:12:36+09:00",
      "volume": "0.00014132",
      "remaining_volume": "0",
      "prevented_volume": "0",
      "reserved_fee": "0",
      "remaining_fee": "0",
      "paid_fee": "7.0243106",
      "locked": "0",
      "prevented_locked": "0",
      "executed_volume": "0.00014132",
      "trades_count": 1,
      "application_name": "self_issued_open_api",
      "thirdparty": false,
      "is_cancel_and_newable": true
    },
    {
      "uuid": "819ef6a3-b201-4453-95af-42ac4c42296c",
      "side": "ask",
      "ord_type": "limit",
      "price": "99507000",
      "avg_price": "99457246.5",
      "state": "done",
      "market": "KRW-BTC",
      "created_at": "2026-03-09T01:11:33+09:00",
      "volume": "0.00014132",
      "remaining_volume": "0",
      "prevented_volume": "0",
      "reserved_fee": "0",
      "remaining_fee": "0",
      "paid_fee": "7.03116462",
      "locked": "0",
      "prevented_locked": "0",
      "executed_volume": "0.00014132",
      "trades_count": 1,
      "application_name": "self_issued_open_api",
      "thirdparty": false,
      "is_cancel_and_newable": true
    },
    {
      "uuid": "6c261f40-64b0-4ff9-abfc-7ba558e9421b",
      "side": "bid",
      "ord_type": "limit",
      "price": "103875000",
      "avg_price": "103926937.5",
      "state": "done",
      "market": "KRW-BTC",
      "created_at": "2026-03-06T09:01:18+09:00",
      "volume": "0.0000541",
      "remaining_volume": "0",
      "prevented_volume": "0",
      "reserved_fee": "2.80981875",
      "remaining_fee": "0",
      "paid_fee": "2.80981875",
      "locked": "0",
      "prevented_locked": "0",
      "executed_volume": "0.0000541",
      "trades_count": 1,
      "application_name": "self_issued_open_api",
      "thirdparty": false,
      "is_cancel_and_newable": true
    },
    {
      "uuid": "80c50303-3890-4f6c-80e8-d020f672f8ac",
      "side": "bid",
      "ord_type": "limit",
      "price": "103860000",
      "avg_price": "103911930",
      "state": "done",
      "market": "KRW-BTC",
      "created_at": "2026-03-06T09:00:16+09:00",
      "volume": "0.00005411",
      "remaining_volume": "0",
      "prevented_volume": "0",
      "reserved_fee": "2.8099323",
      "remaining_fee": "0",
      "paid_fee": "2.8099323",
      "locked": "0",
      "prevented_locked": "0",
      "executed_volume": "0.00005411",
      "trades_count": 1,
      "application_name": "self_issued_open_api",
      "thirdparty": false,
      "is_cancel_and_newable": true
    },
    {
      "uuid": "ad77afb3-621e-4c0b-98f6-a9bbce94ad68",
      "side": "bid",
      "ord_type": "limit",
      "price": "105874000",
      "avg_price": "105917932.5",
      "state": "done",
      "market": "KRW-BTC",
      "created_at": "2026-03-05T01:09:53+09:00",
      "volume": "0.00021263",
      "remaining_volume": "0",
      "prevented_volume": "0",
      "reserved_fee": "11.25599431",
      "remaining_fee": "0.000956835",
      "paid_fee": "11.255037475",
      "locked": "1.914626835",
      "prevented_locked": "0",
      "executed_volume": "0.00021263",
      "trades_count": 1,
      "application_name": "android",
      "thirdparty": false,
      "is_cancel_and_newable": true
    },
    {
      "uuid": "e8156d3a-c36a-4738-880f-fdffef14c695",
      "side": "bid",
      "ord_type": "limit",
      "price": "106003000",
      "avg_price": "106053000",
      "state": "done",
      "market": "KRW-BTC",
      "created_at": "2026-03-05T01:09:26+09:00",
      "volume": "0.00042495",
      "remaining_volume": "0",
      "prevented_volume": "0",
      "reserved_fee": "22.522987425",
      "remaining_fee": "0.000637425",
      "paid_fee": "22.52235",
      "locked": "1.275487425",
      "prevented_locked": "0",
      "executed_volume": "0.00042495",
      "trades_count": 1,
      "application_name": "android",
      "thirdparty": false,
      "is_cancel_and_newable": true
    },
    {
      "uuid": "569f9087-ca4b-4018-9b67-42c3f6211318",
      "side": "ask",
      "ord_type": "limit",
      "price": "1464",
      "avg_price": "1463.268",
      "state": "done",
      "market": "KRW-USDT",
      "created_at": "2026-01-26T23:11:11+09:00",
      "volume": "17241.558716",
      "remaining_volume": "0",
      "prevented_volume": "0",
      "reserved_fee": "0",
      "remaining_fee": "0",
      "paid_fee": "12620.820980112",
      "locked": "0",
      "prevented_locked": "0",
      "executed_volume": "17241.558716",
      "trades_count": 1,
      "application_name": "android",
      "thirdparty": false,
      "is_cancel_and_newable": true
    },
    {
      "uuid": "8d7e88a9-02aa-4cbc-a886-2d4b08466413",
      "side": "ask",
      "ord_type": "limit",
      "price": "1394",
      "avg_price": "1393.8606",
      "state": "done",
      "market": "KRW-USDT",
      "created_at": "2025-09-19T17:16:59+09:00",
      "volume": "7750",
      "remaining_volume": "0",
      "prevented_volume": "0",
      "reserved_fee": "0",
      "remaining_fee": "0",
      "paid_fee": "1080.35",
      "locked": "0",
      "prevented_locked": "0",
      "executed_volume": "7750",
      "trades_count": 1,
      "application_name": "android",
      "thirdparty": false,
      "is_cancel_and_newable": true
    },
    {
      "uuid": "aca20fca-b6e7-4a95-af19-d94054081158",
      "side": "ask",
      "ord_type": "limit",
      "price": "1393",
      "avg_price": "1392.3035",
      "state": "done",
      "market": "KRW-USDT",
      "created_at": "2025-06-04T11:44:52+09:00",
      "volume": "2011.09116194",
      "remaining_volume": "0",
      "prevented_volume": "0",
      "reserved_fee": "0",
      "remaining_fee": "0",
      "paid_fee": "1400.72499429121",
      "locked": "0",
      "prevented_locked": "0",
      "executed_volume": "2011.09116194",
      "trades_count": 1,
      "application_name": "android",
      "thirdparty": false,
      "is_cancel_and_newable": true
    },
    {
      "uuid": "05d503a5-02ad-4787-8005-81a5ff84d2eb",
      "side": "ask",
      "ord_type": "limit",
      "price": "103.3",
      "avg_price": "103.24835",
      "state": "done",
      "market": "KRW-SOPH",
      "created_at": "2025-05-28T22:01:12+09:00",
      "volume": "250",
      "remaining_volume": "0",
      "prevented_volume": "0",
      "reserved_fee": "0",
      "remaining_fee": "0",
      "paid_fee": "12.9125",
      "locked": "0",
      "prevented_locked": "0",
      "executed_volume": "250",
      "trades_count": 1,
      "application_name": "android",
      "thirdparty": false,
      "is_cancel_and_newable": true
    },
    {
      "uuid": "3327149c-6e90-4fdf-9bdd-d4d50f1c47ac",
      "side": "ask",
      "ord_type": "limit",
      "price": "0.378",
      "avg_price": "0.3778488",
      "state": "done",
      "market": "USDT-SOON",
      "created_at": "2025-05-28T17:33:52+09:00",
      "volume": "32",
      "remaining_volume": "0",
      "prevented_volume": "0",
      "reserved_fee": "0",
      "remaining_fee": "0",
      "paid_fee": "0.0048384",
      "locked": "0",
      "prevented_locked": "0",
      "executed_volume": "32",
      "trades_count": 1,
      "application_name": "android",
      "thirdparty": false,
      "is_cancel_and_newable": true
    },
    {
      "uuid": "6ab71b38-859f-4774-8061-4c90cc11a5e0",
      "side": "bid",
      "ord_type": "limit",
      "price": "1471",
      "avg_price": "1471.1471",
      "state": "done",
      "market": "KRW-USDT",
      "created_at": "2025-01-17T16:15:16+09:00",
      "volume": "1480.0885649",
      "remaining_volume": "0",
      "prevented_volume": "0",
      "reserved_fee": "217.72102789679",
      "remaining_fee": "0",
      "paid_fee": "217.72102789679",
      "locked": "0",
      "prevented_locked": "0",
      "executed_volume": "1480.0885649",
      "trades_count": 1,
      "application_name": "android",
      "thirdparty": false,
      "is_cancel_and_newable": true
    },
    {
      "uuid": "7fc16e08-43d7-4214-8b45-27132abb9936",
      "side": "ask",
      "ord_type": "limit",
      "price": "4957000",
      "avg_price": "4954521.5",
      "state": "done",
      "market": "KRW-ETH",
      "created_at": "2025-01-17T16:14:52+09:00",
      "volume": "0.43948304",
      "remaining_volume": "0",
      "prevented_volume": "0",
      "reserved_fee": "0",
      "remaining_fee": "0",
      "paid_fee": "1089.25871464",
      "locked": "0",
      "prevented_locked": "0",
      "executed_volume": "0.43948304",
      "trades_count": 4,
      "application_name": "android",
      "thirdparty": false,
      "is_cancel_and_newable": true
    },
    {
      "uuid": "b24ad9a9-82e7-49a9-8b50-6cc1129613ba",
      "side": "bid",
      "ord_type": "limit",
      "price": "1476",
      "avg_price": "1476.1476",
      "state": "done",
      "market": "KRW-USDT",
      "created_at": "2025-01-16T17:49:12+09:00",
      "volume": "5050.58572733",
      "remaining_volume": "0",
      "prevented_volume": "0",
      "reserved_fee": "745.466453353908",
      "remaining_fee": "0",
      "paid_fee": "745.466453353908",
      "locked": "0",
      "prevented_locked": "0",
      "executed_volume": "5050.58572733",
      "trades_count": 1,
      "application_name": "android",
      "thirdparty": false,
      "is_cancel_and_newable": true
    },
    {
      "uuid": "7b33343f-4298-46a2-b029-b36708af02e7",
      "side": "ask",
      "ord_type": "limit",
      "price": "775.2",
      "avg_price": "774.8124",
      "state": "done",
      "market": "KRW-ZETA",
      "created_at": "2025-01-16T17:49:00+09:00",
      "volume": "621.25860806",
      "remaining_volume": "0",
      "prevented_volume": "0",
      "reserved_fee": "0",
      "remaining_fee": "0",
      "paid_fee": "240.799836484056",
      "locked": "0",
      "prevented_locked": "0",
      "executed_volume": "621.25860806",
      "trades_count": 1,
      "application_name": "android",
      "thirdparty": false,
      "is_cancel_and_newable": true
    },
    {
      "uuid": "a682c866-606d-406c-9e37-2b18e1a9f25c",
      "side": "ask",
      "ord_type": "limit",
      "price": "580",
      "avg_price": "579.71",
      "state": "done",
      "market": "KRW-SEI",
      "created_at": "2025-01-16T17:48:33+09:00",
      "volume": "804.24228199",
      "remaining_volume": "0",
      "prevented_volume": "0",
      "reserved_fee": "0",
      "remaining_fee": "0",
      "paid_fee": "233.2302617771",
      "locked": "0",
      "prevented_locked": "0",
      "executed_volume": "804.24228199",
      "trades_count": 1,
      "application_name": "android",
      "thirdparty": false,
      "is_cancel_and_newable": true
    },
    {
      "uuid": "36d5076f-5f80-4228-bcdc-18a05c891ea5",
      "side": "ask",
      "ord_type": "limit",
      "price": "13510",
      "avg_price": "13503.245",
      "state": "done",
      "market": "KRW-APT",
      "created_at": "2025-01-16T17:48:19+09:00",
      "volume": "51.52720071",
      "remaining_volume": "0",
      "prevented_volume": "0",
      "reserved_fee": "0",
      "remaining_fee": "0",
      "paid_fee": "348.06624079605",
      "locked": "0",
      "prevented_locked": "0",
      "executed_volume": "51.52720071",
      "trades_count": 4,
      "application_name": "android",
      "thirdparty": false,
      "is_cancel_and_newable": true
    },
    {
      "uuid": "7719871a-39ce-4cd9-ac56-452cb100a44d",
      "side": "ask",
      "ord_type": "limit",
      "price": "1117",
      "avg_price": "1116.4415",
      "state": "done",
      "market": "KRW-ARB",
      "created_at": "2025-01-16T17:48:07+09:00",
      "volume": "442.91119749",
      "remaining_volume": "0",
      "prevented_volume": "0",
      "reserved_fee": "0",
      "remaining_fee": "0",
      "paid_fee": "247.365903798165",
      "locked": "0",
      "prevented_locked": "0",
      "executed_volume": "442.91119749",
      "trades_count": 1,
      "application_name": "android",
      "thirdparty": false,
      "is_cancel_and_newable": true
    },
    {
      "uuid": "07f539d5-90d0-4328-aa10-0b9de4cf783f",
      "side": "ask",
      "ord_type": "limit",
      "price": "16.63",
      "avg_price": "16.621685",
      "state": "done",
      "market": "KRW-MED",
      "created_at": "2025-01-16T17:47:35+09:00",
      "volume": "25601.95312179",
      "remaining_volume": "0",
      "prevented_volume": "0",
      "reserved_fee": "0",
      "remaining_fee": "0",
      "paid_fee": "212.88024020768385",
      "locked": "0",
      "prevented_locked": "0",
      "executed_volume": "25601.95312179",
      "trades_count": 1,
      "application_name": "android",
      "thirdparty": false,
      "is_cancel_and_newable": true
    },
    {
      "uuid": "65b66a4b-159b-49f9-9cba-da34a6cba6a1",
      "side": "ask",
      "ord_type": "limit",
      "price": "699",
      "avg_price": "698.6505",
      "state": "done",
      "market": "KRW-POL",
      "created_at": "2025-01-16T17:47:16+09:00",
      "volume": "517.0131609",
      "remaining_volume": "0",
      "prevented_volume": "0",
      "reserved_fee": "0",
      "remaining_fee": "0",
      "paid_fee": "180.69609973455",
      "locked": "0",
      "prevented_locked": "0",
      "executed_volume": "517.0131609",
      "trades_count": 1,
      "application_name": "android",
      "thirdparty": false,
      "is_cancel_and_newable": true
    },
    {
      "uuid": "646aa8fa-4f3c-4b4e-a781-c176d8cfbdd7",
      "side": "ask",
      "ord_type": "limit",
      "price": "572.7",
      "avg_price": "572.5136",
      "state": "done",
      "market": "KRW-IOTA",
      "created_at": "2025-01-16T17:46:40+09:00",
      "volume": "1564.18049138",
      "remaining_volume": "0",
      "prevented_volume": "0",
      "reserved_fee": "0",
      "remaining_fee": "0",
      "paid_fee": "447.981292731232",
      "locked": "0",
      "prevented_locked": "0",
      "executed_volume": "1564.18049138",
      "trades_count": 1,
      "application_name": "android",
      "thirdparty": false,
      "is_cancel_and_newable": true
    },
    {
      "uuid": "2fb29bcb-2b53-4c4a-8ada-83807ed19def",
      "side": "ask",
      "ord_type": "limit",
      "price": "659",
      "avg_price": "658.6705",
      "state": "done",
      "market": "KRW-ALGO",
      "created_at": "2025-01-16T17:46:27+09:00",
      "volume": "1381.64835781",
      "remaining_volume": "0",
      "prevented_volume": "0",
      "reserved_fee": "0",
      "remaining_fee": "0",
      "paid_fee": "455.253133898395",
      "locked": "0",
      "prevented_locked": "0",
      "executed_volume": "1381.64835781",
      "trades_count": 1,
      "application_name": "android",
      "thirdparty": false,
      "is_cancel_and_newable": true
    },
    {
      "uuid": "2e54a478-0497-41cc-a05f-a98058caace6",
      "side": "ask",
      "ord_type": "limit",
      "price": "295600",
      "avg_price": "295452.2",
      "state": "done",
      "market": "KRW-SOL",
      "created_at": "2025-01-16T17:46:13+09:00",
      "volume": "4.15747038",
      "remaining_volume": "0",
      "prevented_volume": "0",
      "reserved_fee": "0",
      "remaining_fee": "0",
      "paid_fee": "614.474122164",
      "locked": "0",
      "prevented_locked": "0",
      "executed_volume": "4.15747038",
      "trades_count": 4,
      "application_name": "android",
      "thirdparty": false,
      "is_cancel_and_newable": true
    },
    {
      "uuid": "cd039cab-d178-4674-9ec5-a0b4bedfdc9b",
      "side": "ask",
      "ord_type": "limit",
      "price": "0.03242",
      "avg_price": "0.03240379",
      "state": "done",
      "market": "KRW-SHIB",
      "created_at": "2025-01-16T17:46:00+09:00",
      "volume": "45562180.62619051",
      "remaining_volume": "0",
      "prevented_volume": "0",
      "reserved_fee": "0",
      "remaining_fee": "0",
      "paid_fee": "738.5629479505481671",
      "locked": "0",
      "prevented_locked": "0",
      "executed_volume": "45562180.62619051",
      "trades_count": 1,
      "application_name": "android",
      "thirdparty": false,
      "is_cancel_and_newable": true
    },
    {
      "uuid": "35f68f00-ed4c-45b7-9b93-a09833beac44",
      "side": "bid",
      "ord_type": "limit",
      "price": "1474",
      "avg_price": "1474.1474",
      "state": "done",
      "market": "KRW-USDT",
      "created_at": "2025-01-06T15:38:50+09:00",
      "volume": "3586.44054183",
      "remaining_volume": "0",
      "prevented_volume": "0",
      "reserved_fee": "528.641335865742",
      "remaining_fee": "0",
      "paid_fee": "528.641335865742",
      "locked": "0",
      "prevented_locked": "0",
      "executed_volume": "3586.44054183",
      "trades_count": 1,
      "application_name": "android",
      "thirdparty": false,
      "is_cancel_and_newable": true
    },
    {
      "uuid": "7b2817f8-c735-46cc-83d4-b7b107dfa5d5",
      "side": "ask",
      "ord_type": "limit",
      "price": "3548",
      "avg_price": "3546.226",
      "state": "done",
      "market": "KRW-XRP",
      "created_at": "2025-01-06T15:38:21+09:00",
      "volume": "1138.83638761",
      "remaining_volume": "0",
      "prevented_volume": "0",
      "reserved_fee": "0",
      "remaining_fee": "0",
      "paid_fee": "2020.29575162014",
      "locked": "0",
      "prevented_locked": "0",
      "executed_volume": "1138.83638761",
      "trades_count": 7,
      "application_name": "android",
      "thirdparty": false,
      "is_cancel_and_newable": true
    },
    {
      "uuid": "f5775d0e-6f14-4738-bb67-54ef28b7a2fc",
      "side": "ask",
      "ord_type": "limit",
      "price": "660",
      "avg_price": "659.76995",
      "state": "done",
      "market": "KRW-XLM",
      "created_at": "2025-01-06T15:37:50+09:00",
      "volume": "1421.548949",
      "remaining_volume": "0",
      "prevented_volume": "0",
      "reserved_fee": "0",
      "remaining_fee": "0",
      "paid_fee": "469.18223061745",
      "locked": "0",
      "prevented_locked": "0",
      "executed_volume": "1421.548949",
      "trades_count": 1,
      "application_name": "android",
      "thirdparty": false,
      "is_cancel_and_newable": true
    },
    {
      "uuid": "4afb0329-0b10-4f5a-8c68-a0e56e7c8a11",
      "side": "ask",
      "ord_type": "limit",
      "price": "390",
      "avg_price": "389.805",
      "state": "done",
      "market": "KRW-TRX",
      "created_at": "2025-01-06T15:37:31+09:00",
      "volume": "261.09660574",
      "remaining_volume": "0",
      "prevented_volume": "0",
      "reserved_fee": "0",
      "remaining_fee": "0",
      "paid_fee": "50.9138381193",
      "locked": "0",
      "prevented_locked": "0",
      "executed_volume": "261.09660574",
      "trades_count": 1,
      "application_name": "android",
      "thirdparty": false,
      "is_cancel_and_newable": true
    },
    {
      "uuid": "44a2b923-16f0-422b-bcd2-3d670597ed12",
      "side": "ask",
      "ord_type": "limit",
      "price": "316850",
      "avg_price": "316741.55",
      "state": "done",
      "market": "KRW-SOL",
      "created_at": "2025-01-06T15:37:09+09:00",
      "volume": "0.32679738",
      "remaining_volume": "0",
      "prevented_volume": "0",
      "reserved_fee": "0",
      "remaining_fee": "0",
      "paid_fee": "51.781044861",
      "locked": "0",
      "prevented_locked": "0",
      "executed_volume": "0.32679738",
      "trades_count": 1,
      "application_name": "android",
      "thirdparty": false,
      "is_cancel_and_newable": true
    },
    {
      "uuid": "a0527225-642b-496e-b75b-dae2c3fe99d6",
      "side": "ask",
      "ord_type": "limit",
      "price": "1727",
      "avg_price": "1726.1365",
      "state": "done",
      "market": "KRW-CTC",
      "created_at": "2025-01-06T15:36:38+09:00",
      "volume": "60.93845216",
      "remaining_volume": "0",
      "prevented_volume": "0",
      "reserved_fee": "0",
      "remaining_fee": "0",
      "paid_fee": "52.62035344016",
      "locked": "0",
      "prevented_locked": "0",
      "executed_volume": "60.93845216",
      "trades_count": 1,
      "application_name": "android",
      "thirdparty": false,
      "is_cancel_and_newable": true
    },
    {
      "uuid": "fef685a6-2142-4250-9a06-a1630abf68ec",
      "side": "bid",
      "ord_type": "limit",
      "price": "1474",
      "avg_price": "1474.1474",
      "state": "done",
      "market": "KRW-USDT",
      "created_at": "2025-01-06T00:58:36+09:00",
      "volume": "2324.30623966",
      "remaining_volume": "0",
      "prevented_volume": "0",
      "reserved_fee": "342.602739725884",
      "remaining_fee": "0",
      "paid_fee": "342.602739725884",
      "locked": "0",
      "prevented_locked": "0",
      "executed_volume": "2324.30623966",
      "trades_count": 4,
      "application_name": "android",
      "thirdparty": false,
      "is_cancel_and_newable": true
    },
    {
      "uuid": "b6514e28-3b0d-44ef-8d83-1e4bde66ec3a",
      "side": "ask",
      "ord_type": "limit",
      "price": "145082000",
      "avg_price": "145009459",
      "state": "done",
      "market": "KRW-BTC",
      "created_at": "2025-01-04T01:37:11+09:00",
      "volume": "0.01286379",
      "remaining_volume": "0",
      "prevented_volume": "0",
      "reserved_fee": "0",
      "remaining_fee": "0",
      "paid_fee": "933.15219039",
      "locked": "0",
      "prevented_locked": "0",
      "executed_volume": "0.01286379",
      "trades_count": 3,
      "application_name": "android",
      "thirdparty": false,
      "is_cancel_and_newable": true
    },
    {
      "uuid": "718a6242-95f8-44cf-b241-33b9b35bb3b9",
      "side": "ask",
      "ord_type": "limit",
      "price": "5294000",
      "avg_price": "5291353",
      "state": "done",
      "market": "KRW-ETH",
      "created_at": "2025-01-04T01:36:33+09:00",
      "volume": "0.29500945",
      "remaining_volume": "0",
      "prevented_volume": "0",
      "reserved_fee": "0",
      "remaining_fee": "0",
      "paid_fee": "780.89001415",
      "locked": "0",
      "prevented_locked": "0",
      "executed_volume": "0.29500945",
      "trades_count": 1,
      "application_name": "android",
      "thirdparty": false,
      "is_cancel_and_newable": true
    },
    {
      "uuid": "913f411c-584c-4c47-a3c6-125c53be1d5e",
      "side": "bid",
      "ord_type": "limit",
      "price": "3539",
      "avg_price": "3540.7695",
      "state": "done",
      "market": "KRW-XRP",
      "created_at": "2025-01-02T18:22:55+09:00",
      "volume": "366.40764105",
      "remaining_volume": "0",
      "prevented_volume": "0",
      "reserved_fee": "648.358320837975",
      "remaining_fee": "0",
      "paid_fee": "648.358320837975",
      "locked": "0",
      "prevented_locked": "0",
      "executed_volume": "366.40764105",
      "trades_count": 1,
      "application_name": "android",
      "thirdparty": false,
      "is_cancel_and_newable": true
    },
    {
      "uuid": "e10f3878-fa73-4bbd-8160-536c7d30f38a",
      "side": "bid",
      "ord_type": "limit",
      "price": "142700000",
      "avg_price": "142771350",
      "state": "done",
      "market": "KRW-BTC",
      "created_at": "2025-01-02T18:22:26+09:00",
      "volume": "0.00140154",
      "remaining_volume": "0",
      "prevented_volume": "0",
      "reserved_fee": "99.999879",
      "remaining_fee": "0",
      "paid_fee": "99.999879",
      "locked": "0",
      "prevented_locked": "0",
      "executed_volume": "0.00140154",
      "trades_count": 1,
      "application_name": "android",
      "thirdparty": false,
      "is_cancel_and_newable": true
    },
    {
      "uuid": "492a9c82-4880-4201-9a15-b09275d8e18a",
      "side": "bid",
      "ord_type": "limit",
      "price": "5101000",
      "avg_price": "5103550.5",
      "state": "done",
      "market": "KRW-ETH",
      "created_at": "2025-01-02T18:22:03+09:00",
      "volume": "0.05878894",
      "remaining_volume": "0",
      "prevented_volume": "0",
      "reserved_fee": "149.94119147",
      "remaining_fee": "0",
      "paid_fee": "149.94119147",
      "locked": "0",
      "prevented_locked": "0",
      "executed_volume": "0.05878894",
      "trades_count": 1,
      "application_name": "android",
      "thirdparty": false,
      "is_cancel_and_newable": true
    },
    {
      "uuid": "0fd2a0ea-9d30-4016-9965-bcdbc8895195",
      "side": "bid",
      "ord_type": "limit",
      "price": "13690",
      "avg_price": "13696.845",
      "state": "done",
      "market": "KRW-APT",
      "created_at": "2025-01-02T17:01:21+09:00",
      "volume": "7.29927007",
      "remaining_volume": "0",
      "prevented_volume": "0",
      "reserved_fee": "49.96350362915",
      "remaining_fee": "0",
      "paid_fee": "49.96350362915",
      "locked": "0",
      "prevented_locked": "0",
      "executed_volume": "7.29927007",
      "trades_count": 1,
      "application_name": "android",
      "thirdparty": false,
      "is_cancel_and_newable": true
    },
    {
      "uuid": "c7ea30f1-bafe-44c0-ba51-7e9f22844a05",
      "side": "bid",
      "ord_type": "limit",
      "price": "627.8",
      "avg_price": "628.1139",
      "state": "done",
      "market": "KRW-XLM",
      "created_at": "2025-01-02T17:00:19+09:00",
      "volume": "159.38795027",
      "remaining_volume": "0",
      "prevented_volume": "0",
      "reserved_fee": "50.031877589753",
      "remaining_fee": "0",
      "paid_fee": "50.031877589753",
      "locked": "0",
      "prevented_locked": "0",
      "executed_volume": "159.38795027",
      "trades_count": 1,
      "application_name": "android",
      "thirdparty": false,
      "is_cancel_and_newable": true
    },
    {
      "uuid": "4791af4d-c568-43a0-8cff-8e7249a7c6e2",
      "side": "bid",
      "ord_type": "limit",
      "price": "581",
      "avg_price": "581.2905",
      "state": "done",
      "market": "KRW-ALGO",
      "created_at": "2025-01-02T16:59:42+09:00",
      "volume": "172.11703958",
      "remaining_volume": "0",
      "prevented_volume": "0",
      "reserved_fee": "49.99999999799",
      "remaining_fee": "0",
      "paid_fee": "49.99999999799",
      "locked": "0",
      "prevented_locked": "0",
      "executed_volume": "172.11703958",
      "trades_count": 1,
      "application_name": "android",
      "thirdparty": false,
      "is_cancel_and_newable": true
    },
    {
      "uuid": "e2ec7832-4c8e-4143-b06b-e48c7a4d6cc0",
      "side": "bid",
      "ord_type": "limit",
      "price": "1139",
      "avg_price": "1139.5695",
      "state": "done",
      "market": "KRW-ARB",
      "created_at": "2025-01-02T16:58:36+09:00",
      "volume": "87.79631255",
      "remaining_volume": "0",
      "prevented_volume": "0",
      "reserved_fee": "49.999999997225",
      "remaining_fee": "0",
      "paid_fee": "49.999999997225",
      "locked": "0",
      "prevented_locked": "0",
      "executed_volume": "87.79631255",
      "trades_count": 1,
      "application_name": "android",
      "thirdparty": false,
      "is_cancel_and_newable": true
    },
    {
      "uuid": "199556ed-d2fc-4d66-a910-5b28dc64d499",
      "side": "bid",
      "ord_type": "limit",
      "price": "490.8",
      "avg_price": "491.0454",
      "state": "done",
      "market": "KRW-IOTA",
      "created_at": "2025-01-02T16:58:00+09:00",
      "volume": "101.87449062",
      "remaining_volume": "0",
      "prevented_volume": "0",
      "reserved_fee": "24.999999998148",
      "remaining_fee": "0",
      "paid_fee": "24.999999998148",
      "locked": "0",
      "prevented_locked": "0",
      "executed_volume": "101.87449062",
      "trades_count": 1,
      "application_name": "android",
      "thirdparty": false,
      "is_cancel_and_newable": true
    },
    {
      "uuid": "9ceb15d4-b6a5-4469-8fdd-2677ffcadcb9",
      "side": "bid",
      "ord_type": "limit",
      "price": "13700",
      "avg_price": "13706.85",
      "state": "done",
      "market": "KRW-APT",
      "created_at": "2025-01-02T16:57:47+09:00",
      "volume": "3.64963503",
      "remaining_volume": "0",
      "prevented_volume": "0",
      "reserved_fee": "24.9999999555",
      "remaining_fee": "0",
      "paid_fee": "24.9999999555",
      "locked": "0",
      "prevented_locked": "0",
      "executed_volume": "3.64963503",
      "trades_count": 1,
      "application_name": "android",
      "thirdparty": false,
      "is_cancel_and_newable": true
    },
    {
      "uuid": "252f27b4-83f4-4aab-9ae0-85292458c2c2",
      "side": "bid",
      "ord_type": "limit",
      "price": "306050",
      "avg_price": "306203.025",
      "state": "done",
      "market": "KRW-SOL",
      "created_at": "2025-01-02T16:56:59+09:00",
      "volume": "0.32679738",
      "remaining_volume": "0",
      "prevented_volume": "0",
      "reserved_fee": "50.0081690745",
      "remaining_fee": "0",
      "paid_fee": "50.0081690745",
      "locked": "0",
      "prevented_locked": "0",
      "executed_volume": "0.32679738",
      "trades_count": 1,
      "application_name": "android",
      "thirdparty": false,
      "is_cancel_and_newable": true
    },
    {
      "uuid": "c9c7d86c-4855-4b57-bee9-3c96ad5b2bc7",
      "side": "bid",
      "ord_type": "limit",
      "price": "5075000",
      "avg_price": "5077537.5",
      "state": "done",
      "market": "KRW-ETH",
      "created_at": "2025-01-02T16:56:36+09:00",
      "volume": "0.03940886",
      "remaining_volume": "0",
      "prevented_volume": "0",
      "reserved_fee": "99.99998225",
      "remaining_fee": "0",
      "paid_fee": "99.99998225",
      "locked": "0",
      "prevented_locked": "0",
      "executed_volume": "0.03940886",
      "trades_count": 1,
      "application_name": "android",
      "thirdparty": false,
      "is_cancel_and_newable": true
    },
    {
      "uuid": "cf95d86a-2a30-43ab-85ea-7a4bd7d357a5",
      "side": "bid",
      "ord_type": "limit",
      "price": "142244000",
      "avg_price": "142315122",
      "state": "done",
      "market": "KRW-BTC",
      "created_at": "2025-01-02T16:56:15+09:00",
      "volume": "0.00070301",
      "remaining_volume": "0",
      "prevented_volume": "0",
      "reserved_fee": "49.99947722",
      "remaining_fee": "0",
      "paid_fee": "49.99947722",
      "locked": "0",
      "prevented_locked": "0",
      "executed_volume": "0.00070301",
      "trades_count": 1,
      "application_name": "android",
      "thirdparty": false,
      "is_cancel_and_newable": true
    },
    {
      "uuid": "37ce227d-f493-4316-a666-bdb4aee1afee",
      "side": "bid",
      "ord_type": "limit",
      "price": "3517",
      "avg_price": "3518.7585",
      "state": "done",
      "market": "KRW-XRP",
      "created_at": "2025-01-02T16:55:37+09:00",
      "volume": "28.43332385",
      "remaining_volume": "0",
      "prevented_volume": "0",
      "reserved_fee": "49.999999990225",
      "remaining_fee": "0",
      "paid_fee": "49.999999990225",
      "locked": "0",
      "prevented_locked": "0",
      "executed_volume": "28.43332385",
      "trades_count": 1,
      "application_name": "android",
      "thirdparty": false,
      "is_cancel_and_newable": true
    },
    {
      "uuid": "c3fb2cf5-9102-4429-a860-e39480d9b772",
      "side": "bid",
      "ord_type": "limit",
      "price": "383",
      "avg_price": "383.1915",
      "state": "done",
      "market": "KRW-TRX",
      "created_at": "2024-12-30T19:07:57+09:00",
      "volume": "261.09660574",
      "remaining_volume": "0",
      "prevented_volume": "0",
      "reserved_fee": "49.99999999921",
      "remaining_fee": "0",
      "paid_fee": "49.99999999921",
      "locked": "0",
      "prevented_locked": "0",
      "executed_volume": "261.09660574",
      "trades_count": 1,
      "application_name": "webapp",
      "thirdparty": false,
      "is_cancel_and_newable": true
    },
    {
      "uuid": "2380546c-54b5-4416-971a-1d4186bd3a90",
      "side": "bid",
      "ord_type": "limit",
      "price": "1642",
      "avg_price": "1642.821",
      "state": "done",
      "market": "KRW-CTC",
      "created_at": "2024-12-30T19:07:35+09:00",
      "volume": "60.93845216",
      "remaining_volume": "0",
      "prevented_volume": "0",
      "reserved_fee": "50.03046922336",
      "remaining_fee": "0",
      "paid_fee": "50.03046922336",
      "locked": "0",
      "prevented_locked": "0",
      "executed_volume": "60.93845216",
      "trades_count": 2,
      "application_name": "webapp",
      "thirdparty": false,
      "is_cancel_and_newable": true
    },
    {
      "uuid": "15af0f80-3792-4d41-8fc3-0e54219e4edf",
      "side": "bid",
      "ord_type": "limit",
      "price": "3085",
      "avg_price": "3086.5425",
      "state": "done",
      "market": "KRW-XRP",
      "created_at": "2024-12-30T19:04:25+09:00",
      "volume": "32.39390994",
      "remaining_volume": "0",
      "prevented_volume": "0",
      "reserved_fee": "49.96760608245",
      "remaining_fee": "0",
      "paid_fee": "49.96760608245",
      "locked": "0",
      "prevented_locked": "0",
      "executed_volume": "32.39390994",
      "trades_count": 1,
      "application_name": "webapp",
      "thirdparty": false,
      "is_cancel_and_newable": true
    },
    {
      "uuid": "e2ba1e45-8b2c-44ee-a4b2-6a62b8d217e8",
      "side": "bid",
      "ord_type": "limit",
      "price": "1132",
      "avg_price": "1132.566",
      "state": "done",
      "market": "KRW-ARB",
      "created_at": "2024-12-30T19:03:51+09:00",
      "volume": "44.16961131",
      "remaining_volume": "0",
      "prevented_volume": "0",
      "reserved_fee": "25.00000000146",
      "remaining_fee": "0",
      "paid_fee": "25.00000000146",
      "locked": "0",
      "prevented_locked": "0",
      "executed_volume": "44.16961131",
      "trades_count": 1,
      "application_name": "webapp",
      "thirdparty": false,
      "is_cancel_and_newable": true
    },
    {
      "uuid": "91e86d23-acc0-4ab2-bbf8-85fc774d4911",
      "side": "bid",
      "ord_type": "limit",
      "price": "622",
      "avg_price": "622.311",
      "state": "done",
      "market": "KRW-SEI",
      "created_at": "2024-12-30T19:03:36+09:00",
      "volume": "80.38585209",
      "remaining_volume": "0",
      "prevented_volume": "0",
      "reserved_fee": "24.99999999999",
      "remaining_fee": "0",
      "paid_fee": "24.99999999999",
      "locked": "0",
      "prevented_locked": "0",
      "executed_volume": "80.38585209",
      "trades_count": 1,
      "application_name": "webapp",
      "thirdparty": false,
      "is_cancel_and_newable": true
    },
    {
      "uuid": "bc1b8483-736c-4087-b910-150ecbd1bae0",
      "side": "bid",
      "ord_type": "limit",
      "price": "13450",
      "avg_price": "13446.72",
      "state": "done",
      "market": "KRW-APT",
      "created_at": "2024-12-30T19:03:27+09:00",
      "volume": "3.72578241",
      "remaining_volume": "0",
      "prevented_volume": "0",
      "reserved_fee": "25.05588670725",
      "remaining_fee": "0.01862891205",
      "paid_fee": "25.0372577952",
      "locked": "37.27645301205",
      "prevented_locked": "0",
      "executed_volume": "3.72578241",
      "trades_count": 1,
      "application_name": "webapp",
      "thirdparty": false,
      "is_cancel_and_newable": true
    },
    {
      "uuid": "c543b36d-e70e-4231-97ae-a1a26fdcf766",
      "side": "bid",
      "ord_type": "limit",
      "price": "869.9",
      "avg_price": "870.33495",
      "state": "done",
      "market": "KRW-ZETA",
      "created_at": "2024-12-30T19:03:13+09:00",
      "volume": "57.58378441",
      "remaining_volume": "0",
      "prevented_volume": "0",
      "reserved_fee": "25.0460670291295",
      "remaining_fee": "0",
      "paid_fee": "25.0460670291295",
      "locked": "0",
      "prevented_locked": "0",
      "executed_volume": "57.58378441",
      "trades_count": 1,
      "application_name": "webapp",
      "thirdparty": false,
      "is_cancel_and_newable": true
    },
    {
      "uuid": "3fc188ae-69e6-48be-841d-41f202a6ad4e",
      "side": "bid",
      "ord_type": "limit",
      "price": "491",
      "avg_price": "491.2455",
      "state": "done",
      "market": "KRW-ALGO",
      "created_at": "2024-12-30T19:03:03+09:00",
      "volume": "102.24948875",
      "remaining_volume": "0",
      "prevented_volume": "0",
      "reserved_fee": "25.102249488125",
      "remaining_fee": "0",
      "paid_fee": "25.102249488125",
      "locked": "0",
      "prevented_locked": "0",
      "executed_volume": "102.24948875",
      "trades_count": 1,
      "application_name": "webapp",
      "thirdparty": false,
      "is_cancel_and_newable": true
    },
    {
      "uuid": "5d7e83d4-3c7c-46f4-8476-b58d51409ff4",
      "side": "bid",
      "ord_type": "limit",
      "price": "499.3",
      "avg_price": "499.54965",
      "state": "done",
      "market": "KRW-XLM",
      "created_at": "2024-12-30T19:02:53+09:00",
      "volume": "100.2004008",
      "remaining_volume": "0",
      "prevented_volume": "0",
      "reserved_fee": "25.01503005972",
      "remaining_fee": "0",
      "paid_fee": "25.01503005972",
      "locked": "0",
      "prevented_locked": "0",
      "executed_volume": "100.2004008",
      "trades_count": 1,
      "application_name": "webapp",
      "thirdparty": false,
      "is_cancel_and_newable": true
    },
    {
      "uuid": "453c9cf1-2694-4ec6-9cae-e40399791df7",
      "side": "bid",
      "ord_type": "limit",
      "price": "438.3",
      "avg_price": "438.51915",
      "state": "done",
      "market": "KRW-IOTA",
      "created_at": "2024-12-30T19:02:42+09:00",
      "volume": "114.07711613",
      "remaining_volume": "0",
      "prevented_volume": "0",
      "reserved_fee": "24.9999999998895",
      "remaining_fee": "0",
      "paid_fee": "24.9999999998895",
      "locked": "0",
      "prevented_locked": "0",
      "executed_volume": "114.07711613",
      "trades_count": 1,
      "application_name": "webapp",
      "thirdparty": false,
      "is_cancel_and_newable": true
    },
    {
      "uuid": "c55f297e-56b0-499c-b6d8-aeb093a8df96",
      "side": "bid",
      "ord_type": "limit",
      "price": "0.03215",
      "avg_price": "0.03216607",
      "state": "done",
      "market": "KRW-SHIB",
      "created_at": "2024-12-30T19:02:32+09:00",
      "volume": "1555209.9533437",
      "remaining_volume": "0",
      "prevented_volume": "0",
      "reserved_fee": "24.9999999999999775",
      "remaining_fee": "0",
      "paid_fee": "24.9999999999999775",
      "locked": "0",
      "prevented_locked": "0",
      "executed_volume": "1555209.9533437",
      "trades_count": 1,
      "application_name": "webapp",
      "thirdparty": false,
      "is_cancel_and_newable": true
    },
    {
      "uuid": "968c433f-b628-4e81-9836-fa1060f2b925",
      "side": "bid",
      "ord_type": "limit",
      "price": "5081000",
      "avg_price": "5083540.5",
      "state": "done",
      "market": "KRW-ETH",
      "created_at": "2024-12-30T19:01:52+09:00",
      "volume": "0.19681165",
      "remaining_volume": "0",
      "prevented_volume": "0",
      "reserved_fee": "499.999996825",
      "remaining_fee": "0",
      "paid_fee": "499.999996825",
      "locked": "0",
      "prevented_locked": "0",
      "executed_volume": "0.19681165",
      "trades_count": 1,
      "application_name": "webapp",
      "thirdparty": false,
      "is_cancel_and_newable": true
    },
    {
      "uuid": "0e2a005a-a1e8-4fba-8a38-d137755f9958",
      "side": "bid",
      "ord_type": "limit",
      "price": "139415000",
      "avg_price": "139484707.5",
      "state": "done",
      "market": "KRW-BTC",
      "created_at": "2024-12-30T19:01:23+09:00",
      "volume": "0.01075924",
      "remaining_volume": "0",
      "prevented_volume": "0",
      "reserved_fee": "749.9997223",
      "remaining_fee": "0",
      "paid_fee": "749.9997223",
      "locked": "0",
      "prevented_locked": "0",
      "executed_volume": "0.01075924",
      "trades_count": 1,
      "application_name": "webapp",
      "thirdparty": false,
      "is_cancel_and_newable": true
    },
    {
      "uuid": "5206603f-18cd-4c6f-929b-b8a047aa075f",
      "side": "bid",
      "ord_type": "limit",
      "price": "1451",
      "avg_price": "1451.1451",
      "state": "done",
      "market": "KRW-USDT",
      "created_at": "2024-12-18T00:07:10+09:00",
      "volume": "25827.07614834",
      "remaining_volume": "0",
      "prevented_volume": "0",
      "reserved_fee": "3747.508749124134",
      "remaining_fee": "0",
      "paid_fee": "3747.508749124134",
      "locked": "0",
      "prevented_locked": "0",
      "executed_volume": "25827.07614834",
      "trades_count": 1,
      "application_name": "webapp",
      "thirdparty": false,
      "is_cancel_and_newable": true
    },
    {
      "uuid": "30001040-6d65-4faf-9e02-30dda2b418de",
      "side": "ask",
      "ord_type": "limit",
      "price": "5813000",
      "avg_price": "5812092.5",
      "state": "done",
      "market": "KRW-ETH",
      "created_at": "2024-12-18T00:06:35+09:00",
      "volume": "6.44842373",
      "remaining_volume": "0",
      "prevented_volume": "0",
      "reserved_fee": "0",
      "remaining_fee": "0",
      "paid_fee": "18748.791994975",
      "locked": "0",
      "prevented_locked": "0",
      "executed_volume": "6.44842373",
      "trades_count": 1,
      "application_name": "webapp",
      "thirdparty": false,
      "is_cancel_and_newable": true
    },
    {
      "uuid": "49271254-bdd2-46cb-b1c0-02051a0740dc",
      "side": "bid",
      "ord_type": "limit",
      "price": "1430",
      "avg_price": "1430.143",
      "state": "done",
      "market": "KRW-USDT",
      "created_at": "2024-12-16T10:23:20+09:00",
      "volume": "4195.38465733",
      "remaining_volume": "0",
      "prevented_volume": "0",
      "reserved_fee": "599.94000599819",
      "remaining_fee": "0",
      "paid_fee": "599.94000599819",
      "locked": "0",
      "prevented_locked": "0",
      "executed_volume": "4195.38465733",
      "trades_count": 1,
      "application_name": "android",
      "thirdparty": false,
      "is_cancel_and_newable": true
    },
    {
      "uuid": "fc6253cf-2df4-44bb-ad6b-0193ab0cc4c3",
      "side": "bid",
      "ord_type": "limit",
      "price": "1431",
      "avg_price": "1431.1431",
      "state": "done",
      "market": "KRW-USDT",
      "created_at": "2024-12-16T10:09:35+09:00",
      "volume": "1309.1793546",
      "remaining_volume": "0",
      "prevented_volume": "0",
      "reserved_fee": "187.34356564326",
      "remaining_fee": "0",
      "paid_fee": "187.34356564326",
      "locked": "0",
      "prevented_locked": "0",
      "executed_volume": "1309.1793546",
      "trades_count": 1,
      "application_name": "android",
      "thirdparty": false,
      "is_cancel_and_newable": true
    },
    {
      "uuid": "b3c53c0d-4079-4d51-a9cd-d21008c3e474",
      "side": "ask",
      "ord_type": "limit",
      "price": "585.8",
      "avg_price": "585.5071",
      "state": "done",
      "market": "KRW-DOGE",
      "created_at": "2024-12-16T10:08:52+09:00",
      "volume": "3200",
      "remaining_volume": "0",
      "prevented_volume": "0",
      "reserved_fee": "0",
      "remaining_fee": "0",
      "paid_fee": "937.28",
      "locked": "0",
      "prevented_locked": "0",
      "executed_volume": "3200",
      "trades_count": 1,
      "application_name": "android",
      "thirdparty": false,
      "is_cancel_and_newable": true
    },
    {
      "uuid": "41f906ba-1785-4e9e-b26e-e9bf4a2bfdb0",
      "side": "bid",
      "ord_type": "limit",
      "price": "5735000",
      "avg_price": "5737867.5",
      "state": "done",
      "market": "KRW-ETH",
      "created_at": "2024-12-16T10:07:34+09:00",
      "volume": "6.44842373",
      "remaining_volume": "0",
      "prevented_volume": "0",
      "reserved_fee": "18490.855045775",
      "remaining_fee": "0",
      "paid_fee": "18490.855045775",
      "locked": "0",
      "prevented_locked": "0",
      "executed_volume": "6.44842373",
      "trades_count": 9,
      "application_name": "android",
      "thirdparty": false,
      "is_cancel_and_newable": true
    },
    {
      "uuid": "48b0c023-5a5f-43e3-90f9-908fa145302c",
      "side": "bid",
      "ord_type": "limit",
      "price": "3092",
      "avg_price": "3093.546",
      "state": "done",
      "market": "KRW-XRP",
      "created_at": "2024-12-10T11:31:11+09:00",
      "volume": "50.04797342",
      "remaining_volume": "0",
      "prevented_volume": "0",
      "reserved_fee": "77.37416690732",
      "remaining_fee": "0",
      "paid_fee": "77.37416690732",
      "locked": "0",
      "prevented_locked": "0",
      "executed_volume": "50.04797342",
      "trades_count": 3,
      "application_name": "webapp",
      "thirdparty": false,
      "is_cancel_and_newable": true
    },
    {
      "uuid": "9e278965-c55b-4db5-8377-e216010837f6",
      "side": "bid",
      "ord_type": "limit",
      "price": "802",
      "avg_price": "802.401",
      "state": "done",
      "market": "KRW-SEI",
      "created_at": "2024-12-10T11:18:30+09:00",
      "volume": "186.79950187",
      "remaining_volume": "0",
      "prevented_volume": "0",
      "reserved_fee": "74.90660024987",
      "remaining_fee": "0",
      "paid_fee": "74.90660024987",
      "locked": "0",
      "prevented_locked": "0",
      "executed_volume": "186.79950187",
      "trades_count": 2,
      "application_name": "webapp",
      "thirdparty": false,
      "is_cancel_and_newable": true
    },
    {
      "uuid": "b46e840a-3518-4a49-be3f-f53603ca18c0",
      "side": "bid",
      "ord_type": "limit",
      "price": "17010",
      "avg_price": "17018.505",
      "state": "done",
      "market": "KRW-APT",
      "created_at": "2024-12-10T11:18:14+09:00",
      "volume": "11.76470588",
      "remaining_volume": "0",
      "prevented_volume": "0",
      "reserved_fee": "100.0588235094",
      "remaining_fee": "0",
      "paid_fee": "100.0588235094",
      "locked": "0",
      "prevented_locked": "0",
      "executed_volume": "11.76470588",
      "trades_count": 1,
      "application_name": "webapp",
      "thirdparty": false,
      "is_cancel_and_newable": true
    },
    {
      "uuid": "8cf43417-0297-490e-99bd-d03ab43ff5eb",
      "side": "bid",
      "ord_type": "limit",
      "price": "588.5",
      "avg_price": "588.79425",
      "state": "done",
      "market": "KRW-XLM",
      "created_at": "2024-12-10T11:17:55+09:00",
      "volume": "340.83162918",
      "remaining_volume": "0",
      "prevented_volume": "0",
      "reserved_fee": "100.289706886215",
      "remaining_fee": "0",
      "paid_fee": "100.289706886215",
      "locked": "0",
      "prevented_locked": "0",
      "executed_volume": "340.83162918",
      "trades_count": 1,
      "application_name": "webapp",
      "thirdparty": false,
      "is_cancel_and_newable": true
    },
    {
      "uuid": "fa380980-d518-4727-8559-4ecc7813188b",
      "side": "bid",
      "ord_type": "limit",
      "price": "616",
      "avg_price": "614.307",
      "state": "done",
      "market": "KRW-ALGO",
      "created_at": "2024-12-10T11:16:43+09:00",
      "volume": "324.67532468",
      "remaining_volume": "0",
      "prevented_volume": "0",
      "reserved_fee": "100.00000000144",
      "remaining_fee": "0.32467532468",
      "paid_fee": "99.67532467676",
      "locked": "649.67532468468",
      "prevented_locked": "0",
      "executed_volume": "324.67532468",
      "trades_count": 1,
      "application_name": "webapp",
      "thirdparty": false,
      "is_cancel_and_newable": true
    },
    {
      "uuid": "9022a5ab-2637-402e-9531-872e210a57d3",
      "side": "bid",
      "ord_type": "limit",
      "price": "558.3",
      "avg_price": "558.43639625",
      "state": "done",
      "market": "KRW-IOTA",
      "created_at": "2024-12-10T11:16:19+09:00",
      "volume": "573.27538185",
      "remaining_volume": "0",
      "prevented_volume": "0",
      "reserved_fee": "160.0298228434275",
      "remaining_fee": "0.040898153527",
      "paid_fee": "159.9889246899005",
      "locked": "81.837205207527",
      "prevented_locked": "0",
      "executed_volume": "573.27538185",
      "trades_count": 2,
      "application_name": "webapp",
      "thirdparty": false,
      "is_cancel_and_newable": true
    },
    {
      "uuid": "8a930c38-e6d0-4c68-a1eb-dd62f6eb8977",
      "side": "ask",
      "ord_type": "limit",
      "price": "1039",
      "avg_price": "1038.4805",
      "state": "done",
      "market": "KRW-SAND",
      "created_at": "2024-12-10T11:15:31+09:00",
      "volume": "1228.82513661",
      "remaining_volume": "0",
      "prevented_volume": "0",
      "reserved_fee": "0",
      "remaining_fee": "0",
      "paid_fee": "638.374658468895",
      "locked": "0",
      "prevented_locked": "0",
      "executed_volume": "1228.82513661",
      "trades_count": 4,
      "application_name": "webapp",
      "thirdparty": false,
      "is_cancel_and_newable": true
    },
    {
      "uuid": "59930a2a-5967-487e-932c-6bb6018d449c",
      "side": "bid",
      "ord_type": "limit",
      "price": "2.441",
      "avg_price": "2.44122424",
      "state": "done",
      "market": "USDT-XRP",
      "created_at": "2024-12-09T22:22:59+09:00",
      "volume": "143.7011218",
      "remaining_volume": "0",
      "prevented_volume": "0",
      "reserved_fee": "0.3507744383138",
      "remaining_fee": "0.31854946928775",
      "paid_fee": "0.03222496902605",
      "locked": "0.31854946928775",
      "prevented_locked": "0",
      "executed_volume": "143.7011218",
      "trades_count": 9,
      "application_name": "webapp",
      "thirdparty": false,
      "is_cancel_and_newable": true
    },
    {
      "uuid": "78c088c4-0b62-428a-93fd-f95a5b8c10c8",
      "side": "bid",
      "ord_type": "limit",
      "price": "1403",
      "avg_price": "1403.1403",
      "state": "done",
      "market": "KRW-USDT",
      "created_at": "2024-12-09T20:56:51+09:00",
      "volume": "5701.54887576",
      "remaining_volume": "0",
      "prevented_volume": "0",
      "reserved_fee": "799.927307269128",
      "remaining_fee": "0",
      "paid_fee": "799.927307269128",
      "locked": "0",
      "prevented_locked": "0",
      "executed_volume": "5701.54887576",
      "trades_count": 1,
      "application_name": "webapp",
      "thirdparty": false,
      "is_cancel_and_newable": true
    },
    {
      "uuid": "5c4c0265-a92a-4d2d-9c40-04f414be2fe4",
      "side": "bid",
      "ord_type": "limit",
      "price": "676.5",
      "avg_price": "676.7382",
      "state": "done",
      "market": "KRW-XLM",
      "created_at": "2024-12-09T10:26:16+09:00",
      "volume": "734.70877273",
      "remaining_volume": "0",
      "prevented_volume": "0",
      "reserved_fee": "248.5152423759225",
      "remaining_fee": "0.0367354386365",
      "paid_fee": "248.478506937286",
      "locked": "73.5076127116365",
      "prevented_locked": "0",
      "executed_volume": "734.70877273",
      "trades_count": 1,
      "application_name": "android",
      "thirdparty": false,
      "is_cancel_and_newable": true
    },
    {
      "uuid": "82cb2ae9-cdb5-461e-a714-e6a2e2c7a148",
      "side": "bid",
      "ord_type": "limit",
      "price": "682",
      "avg_price": "682.341",
      "state": "done",
      "market": "KRW-ALGO",
      "created_at": "2024-12-09T10:25:52+09:00",
      "volume": "735.29411764",
      "remaining_volume": "0",
      "prevented_volume": "0",
      "reserved_fee": "250.73529411524",
      "remaining_fee": "0",
      "paid_fee": "250.73529411524",
      "locked": "0",
      "prevented_locked": "0",
      "executed_volume": "735.29411764",
      "trades_count": 2,
      "application_name": "android",
      "thirdparty": false,
      "is_cancel_and_newable": true
    },
    {
      "uuid": "10358c91-7f20-411c-b579-ef24d9ab052e",
      "side": "bid",
      "ord_type": "limit",
      "price": "645.2",
      "avg_price": "645.5226",
      "state": "done",
      "market": "KRW-IOTA",
      "created_at": "2024-12-09T10:25:08+09:00",
      "volume": "774.95350278",
      "remaining_volume": "0",
      "prevented_volume": "0",
      "reserved_fee": "249.999999996828",
      "remaining_fee": "0",
      "paid_fee": "249.999999996828",
      "locked": "0",
      "prevented_locked": "0",
      "executed_volume": "774.95350278",
      "trades_count": 1,
      "application_name": "android",
      "thirdparty": false,
      "is_cancel_and_newable": true
    },
    {
      "uuid": "c88d569e-9dbb-4050-9c08-d2defd55b64a",
      "side": "bid",
      "ord_type": "limit",
      "price": "970",
      "avg_price": "970.485",
      "state": "done",
      "market": "KRW-POL",
      "created_at": "2024-12-09T10:24:46+09:00",
      "volume": "515.46391752",
      "remaining_volume": "0",
      "prevented_volume": "0",
      "reserved_fee": "249.9999999972",
      "remaining_fee": "0",
      "paid_fee": "249.9999999972",
      "locked": "0",
      "prevented_locked": "0",
      "executed_volume": "515.46391752",
      "trades_count": 1,
      "application_name": "android",
      "thirdparty": false,
      "is_cancel_and_newable": true
    },
    {
      "uuid": "0514e66c-63ee-4ac0-b11c-f3fb375ec4d2",
      "side": "bid",
      "ord_type": "limit",
      "price": "1608",
      "avg_price": "1608.804",
      "state": "done",
      "market": "KRW-ARB",
      "created_at": "2024-12-09T10:24:25+09:00",
      "volume": "310.94527363",
      "remaining_volume": "0",
      "prevented_volume": "0",
      "reserved_fee": "249.99999999852",
      "remaining_fee": "0",
      "paid_fee": "249.99999999852",
      "locked": "0",
      "prevented_locked": "0",
      "executed_volume": "310.94527363",
      "trades_count": 1,
      "application_name": "android",
      "thirdparty": false,
      "is_cancel_and_newable": true
    },
    {
      "uuid": "bf4ddc8c-6774-4c3b-9766-ba29134b3bc3",
      "side": "bid",
      "ord_type": "limit",
      "price": "19930",
      "avg_price": "19939.965",
      "state": "done",
      "market": "KRW-APT",
      "created_at": "2024-12-09T10:21:35+09:00",
      "volume": "25.08780732",
      "remaining_volume": "0",
      "prevented_volume": "0",
      "reserved_fee": "249.9999999438",
      "remaining_fee": "0",
      "paid_fee": "249.9999999438",
      "locked": "0",
      "prevented_locked": "0",
      "executed_volume": "25.08780732",
      "trades_count": 3,
      "application_name": "android",
      "thirdparty": false,
      "is_cancel_and_newable": true
    },
    {
      "uuid": "bc47510c-f6c4-4a79-b9fc-2bfe056b523d",
      "side": "bid",
      "ord_type": "limit",
      "price": "1403",
      "avg_price": "1403.1403",
      "state": "done",
      "market": "KRW-USDT",
      "created_at": "2024-12-08T19:16:32+09:00",
      "volume": "356.3435531",
      "remaining_volume": "0",
      "prevented_volume": "0",
      "reserved_fee": "49.99500049993",
      "remaining_fee": "0",
      "paid_fee": "49.99500049993",
      "locked": "0",
      "prevented_locked": "0",
      "executed_volume": "356.3435531",
      "trades_count": 1,
      "application_name": "webapp",
      "thirdparty": false,
      "is_cancel_and_newable": true
    },
    {
      "uuid": "92695d87-77ae-4902-b57c-c90ee240a88c",
      "side": "bid",
      "ord_type": "limit",
      "price": "1394",
      "avg_price": "1394.1394",
      "state": "done",
      "market": "KRW-USDT",
      "created_at": "2024-12-07T23:46:33+09:00",
      "volume": "215.18651578",
      "remaining_volume": "0",
      "prevented_volume": "0",
      "reserved_fee": "29.997000299732",
      "remaining_fee": "0",
      "paid_fee": "29.997000299732",
      "locked": "0",
      "prevented_locked": "0",
      "executed_volume": "215.18651578",
      "trades_count": 1,
      "application_name": "android",
      "thirdparty": false,
      "is_cancel_and_newable": true
    },
    {
      "uuid": "998c2c6f-6ab8-471b-a046-3283568bddf3",
      "side": "bid",
      "ord_type": "limit",
      "price": "19.52",
      "avg_price": "19.52976",
      "state": "done",
      "market": "KRW-MED",
      "created_at": "2024-12-05T23:24:28+09:00",
      "volume": "12794.57607261",
      "remaining_volume": "0",
      "prevented_volume": "0",
      "reserved_fee": "124.8750624686736",
      "remaining_fee": "0",
      "paid_fee": "124.8750624686736",
      "locked": "0",
      "prevented_locked": "0",
      "executed_volume": "12794.57607261",
      "trades_count": 1,
      "application_name": "android",
      "thirdparty": false,
      "is_cancel_and_newable": true
    },
    {
      "uuid": "8eaf98bb-63a6-43b2-a12a-4b2c68dc7fa2",
      "side": "bid",
      "ord_type": "limit",
      "price": "19.52",
      "avg_price": "19.52976",
      "state": "done",
      "market": "KRW-MED",
      "created_at": "2024-12-05T23:23:40+09:00",
      "volume": "12807.37704918",
      "remaining_volume": "0",
      "prevented_volume": "0",
      "reserved_fee": "124.9999999999968",
      "remaining_fee": "0",
      "paid_fee": "124.9999999999968",
      "locked": "0",
      "prevented_locked": "0",
      "executed_volume": "12807.37704918",
      "trades_count": 1,
      "application_name": "android",
      "thirdparty": false,
      "is_cancel_and_newable": true
    },
    {
      "uuid": "616c2614-3161-4e3f-80f2-ef9ccdc4eea5",
      "side": "ask",
      "ord_type": "limit",
      "price": "1407",
      "avg_price": "1406.8593",
      "state": "done",
      "market": "KRW-USDT",
      "created_at": "2024-12-05T00:10:57+09:00",
      "volume": "40742.69790801",
      "remaining_volume": "0",
      "prevented_volume": "0",
      "reserved_fee": "0",
      "remaining_fee": "0",
      "paid_fee": "5732.497595657007",
      "locked": "0",
      "prevented_locked": "0",
      "executed_volume": "40742.69790801",
      "trades_count": 40,
      "application_name": "android",
      "thirdparty": false,
      "is_cancel_and_newable": true
    },
    {
      "uuid": "138c6f2d-a7fc-45be-aab2-fae6209c0809",
      "side": "bid",
      "ord_type": "limit",
      "price": "738",
      "avg_price": "738.369",
      "state": "done",
      "market": "KRW-ALGO",
      "created_at": "2024-12-04T15:25:33+09:00",
      "volume": "47.31238716",
      "remaining_volume": "0",
      "prevented_volume": "0",
      "reserved_fee": "17.45827086204",
      "remaining_fee": "0",
      "paid_fee": "17.45827086204",
      "locked": "0",
      "prevented_locked": "0",
      "executed_volume": "47.31238716",
      "trades_count": 1,
      "application_name": "android",
      "thirdparty": false,
      "is_cancel_and_newable": true
    },
    {
      "uuid": "70eb120b-c37c-412a-9062-409846cfc1b1",
      "side": "bid",
      "ord_type": "limit",
      "price": "1374",
      "avg_price": "1372.1372",
      "state": "done",
      "market": "KRW-USDT",
      "created_at": "2024-12-04T00:27:08+09:00",
      "volume": "17465.50235806",
      "remaining_volume": "0",
      "prevented_volume": "0",
      "reserved_fee": "2399.760023997444",
      "remaining_fee": "3.493100471612",
      "paid_fee": "2396.266923525832",
      "locked": "34934.497816591612",
      "prevented_locked": "0",
      "executed_volume": "17465.50235806",
      "trades_count": 1,
      "application_name": "android",
      "thirdparty": false,
      "is_cancel_and_newable": true
    },
    {
      "uuid": "4294d2e3-1b6e-4ff6-bc1d-ba54d8684424",
      "side": "bid",
      "ord_type": "limit",
      "price": "1368",
      "avg_price": "1368.1368",
      "state": "done",
      "market": "KRW-USDT",
      "created_at": "2024-12-03T23:46:54+09:00",
      "volume": "7309.2105994",
      "remaining_volume": "0",
      "prevented_volume": "0",
      "reserved_fee": "999.90000999792",
      "remaining_fee": "0",
      "paid_fee": "999.90000999792",
      "locked": "0",
      "prevented_locked": "0",
      "executed_volume": "7309.2105994",
      "trades_count": 5,
      "application_name": "android",
      "thirdparty": false,
      "is_cancel_and_newable": true
    },
    {
      "uuid": "570bc99a-1bec-447d-a1ff-d1cec95d1a03",
      "side": "bid",
      "ord_type": "limit",
      "price": "1315",
      "avg_price": "1315.1315",
      "state": "done",
      "market": "KRW-USDT",
      "created_at": "2024-12-03T23:35:50+09:00",
      "volume": "15967.98495055",
      "remaining_volume": "0",
      "prevented_volume": "0",
      "reserved_fee": "2099.790020997325",
      "remaining_fee": "0",
      "paid_fee": "2099.790020997325",
      "locked": "0",
      "prevented_locked": "0",
      "executed_volume": "15967.98495055",
      "trades_count": 1,
      "application_name": "android",
      "thirdparty": false,
      "is_cancel_and_newable": true
    },
    {
      "uuid": "88b0403f-3d22-47d9-b2b6-c37fb4c3f251",
      "side": "bid",
      "ord_type": "limit",
      "price": "2663",
      "avg_price": "2664.3315",
      "state": "done",
      "market": "KRW-XRP",
      "created_at": "2024-11-30T16:54:35+09:00",
      "volume": "421.79923932",
      "remaining_volume": "0",
      "prevented_volume": "0",
      "reserved_fee": "561.62568715458",
      "remaining_fee": "0",
      "paid_fee": "561.62568715458",
      "locked": "0",
      "prevented_locked": "0",
      "executed_volume": "421.79923932",
      "trades_count": 1,
      "application_name": "android",
      "thirdparty": false,
      "is_cancel_and_newable": true
    },
    {
      "uuid": "a6c477ab-767f-47c4-a175-0162626f07a4",
      "side": "bid",
      "ord_type": "limit",
      "price": "915",
      "avg_price": "915.4575",
      "state": "done",
      "market": "KRW-SAND",
      "created_at": "2024-11-30T16:52:27+09:00",
      "volume": "1228.82513661",
      "remaining_volume": "0",
      "prevented_volume": "0",
      "reserved_fee": "562.187499999075",
      "remaining_fee": "0",
      "paid_fee": "562.187499999075",
      "locked": "0",
      "prevented_locked": "0",
      "executed_volume": "1228.82513661",
      "trades_count": 3,
      "application_name": "android",
      "thirdparty": false,
      "is_cancel_and_newable": true
    },
    {
      "uuid": "ddc2f5fd-d137-4f03-9ed8-f72a2f185abc",
      "side": "bid",
      "ord_type": "limit",
      "price": "5130000",
      "avg_price": "5132565",
      "state": "done",
      "market": "KRW-ETH",
      "created_at": "2024-11-30T16:51:25+09:00",
      "volume": "0.43857212",
      "remaining_volume": "0",
      "prevented_volume": "0",
      "reserved_fee": "1124.9374878",
      "remaining_fee": "0",
      "paid_fee": "1124.9374878",
      "locked": "0",
      "prevented_locked": "0",
      "executed_volume": "0.43857212",
      "trades_count": 1,
      "application_name": "android",
      "thirdparty": false,
      "is_cancel_and_newable": true
    },
    {
      "uuid": "058fa64c-dd18-4fab-9f99-a661646bdf96",
      "side": "bid",
      "ord_type": "limit",
      "price": "931",
      "avg_price": "931.4655",
      "state": "done",
      "market": "KRW-SEI",
      "created_at": "2024-11-30T16:51:00+09:00",
      "volume": "537.05692803",
      "remaining_volume": "0",
      "prevented_volume": "0",
      "reserved_fee": "249.999999997965",
      "remaining_fee": "0",
      "paid_fee": "249.999999997965",
      "locked": "0",
      "prevented_locked": "0",
      "executed_volume": "537.05692803",
      "trades_count": 1,
      "application_name": "android",
      "thirdparty": false,
      "is_cancel_and_newable": true
    },
    {
      "uuid": "eff713c7-f4fd-443f-96fb-2c0d5c80c2e4",
      "side": "bid",
      "ord_type": "limit",
      "price": "0.03831",
      "avg_price": "0.03832915",
      "state": "done",
      "market": "KRW-SHIB",
      "created_at": "2024-11-12T00:45:11+09:00",
      "volume": "44006970.67284681",
      "remaining_volume": "0",
      "prevented_volume": "0",
      "reserved_fee": "842.95352323838064555",
      "remaining_fee": "0",
      "paid_fee": "842.95352323838064555",
      "locked": "0",
      "prevented_locked": "0",
      "executed_volume": "44006970.67284681",
      "trades_count": 3,
      "application_name": "android",
      "thirdparty": false,
      "is_cancel_and_newable": true
    },
    {
      "uuid": "ea2a25e5-d600-4e4e-9b76-a5cc4cc61230",
      "side": "bid",
      "ord_type": "limit",
      "price": "1085",
      "avg_price": "1085.5425",
      "state": "done",
      "market": "KRW-ZETA",
      "created_at": "2024-11-12T00:44:21+09:00",
      "volume": "518.2891705",
      "remaining_volume": "0",
      "prevented_volume": "0",
      "reserved_fee": "281.17187499625",
      "remaining_fee": "0",
      "paid_fee": "281.17187499625",
      "locked": "0",
      "prevented_locked": "0",
      "executed_volume": "518.2891705",
      "trades_count": 1,
      "application_name": "android",
      "thirdparty": false,
      "is_cancel_and_newable": true
    },
    {
      "uuid": "f2a8d164-baac-42bd-855e-b50beca14e90",
      "side": "bid",
      "ord_type": "limit",
      "price": "424.8",
      "avg_price": "425.0124",
      "state": "done",
      "market": "KRW-DOGE",
      "created_at": "2024-11-12T00:43:43+09:00",
      "volume": "3000",
      "remaining_volume": "0",
      "prevented_volume": "0",
      "reserved_fee": "637.2",
      "remaining_fee": "0",
      "paid_fee": "637.2",
      "locked": "0",
      "prevented_locked": "0",
      "executed_volume": "3000",
      "trades_count": 1,
      "application_name": "android",
      "thirdparty": false,
      "is_cancel_and_newable": true
    },
    {
      "uuid": "b562f58f-0ad9-4001-bf47-a1d67b13c2a8",
      "side": "bid",
      "ord_type": "limit",
      "price": "303450",
      "avg_price": "303601.725",
      "state": "done",
      "market": "KRW-SOL",
      "created_at": "2024-11-12T00:43:08+09:00",
      "volume": "3.87213709",
      "remaining_volume": "0",
      "prevented_volume": "0",
      "reserved_fee": "587.49999998025",
      "remaining_fee": "0",
      "paid_fee": "587.49999998025",
      "locked": "0",
      "prevented_locked": "0",
      "executed_volume": "3.87213709",
      "trades_count": 1,
      "application_name": "android",
      "thirdparty": false,
      "is_cancel_and_newable": true
    },
    {
      "uuid": "9f35c72f-26dd-4d27-a766-7b27478bba89",
      "side": "bid",
      "ord_type": "limit",
      "price": "830",
      "avg_price": "830.415",
      "state": "done",
      "market": "KRW-XRP",
      "created_at": "2024-11-11T01:42:19+09:00",
      "volume": "96.05317823",
      "remaining_volume": "0",
      "prevented_volume": "0",
      "reserved_fee": "39.86206896545",
      "remaining_fee": "0",
      "paid_fee": "39.86206896545",
      "locked": "0",
      "prevented_locked": "0",
      "executed_volume": "96.05317823",
      "trades_count": 1,
      "application_name": "android",
      "thirdparty": false,
      "is_cancel_and_newable": true
    },
    {
      "uuid": "354b77be-f821-4a78-8fb0-8304d33d1670",
      "side": "bid",
      "ord_type": "limit",
      "price": "1119",
      "avg_price": "1119.5595",
      "state": "done",
      "market": "KRW-ZETA",
      "created_at": "2024-11-11T01:41:17+09:00",
      "volume": "71.06289027",
      "remaining_volume": "0",
      "prevented_volume": "0",
      "reserved_fee": "39.759687106065",
      "remaining_fee": "0",
      "paid_fee": "39.759687106065",
      "locked": "0",
      "prevented_locked": "0",
      "executed_volume": "71.06289027",
      "trades_count": 1,
      "application_name": "android",
      "thirdparty": false,
      "is_cancel_and_newable": true
    },
    {
      "uuid": "068e51fb-7ccf-4172-9050-9096165999c6",
      "side": "bid",
      "ord_type": "limit",
      "price": "328.4",
      "avg_price": "328.26405",
      "state": "done",
      "market": "KRW-DOGE",
      "created_at": "2024-11-10T23:53:30+09:00",
      "volume": "200",
      "remaining_volume": "0",
      "prevented_volume": "0",
      "reserved_fee": "32.84",
      "remaining_fee": "0.03",
      "paid_fee": "32.81",
      "locked": "60.03",
      "prevented_locked": "0",
      "executed_volume": "200",
      "trades_count": 1,
      "application_name": "android",
      "thirdparty": false,
      "is_cancel_and_newable": true
    },
    {
      "uuid": "f602002f-d578-4b04-8dab-34042f3b0f31",
      "side": "bid",
      "ord_type": "limit",
      "price": "282050",
      "avg_price": "282191.025",
      "state": "done",
      "market": "KRW-SOL",
      "created_at": "2024-11-10T23:46:56+09:00",
      "volume": "0.26586316",
      "remaining_volume": "0",
      "prevented_volume": "0",
      "reserved_fee": "37.493352139",
      "remaining_fee": "0",
      "paid_fee": "37.493352139",
      "locked": "0",
      "prevented_locked": "0",
      "executed_volume": "0.26586316",
      "trades_count": 1,
      "application_name": "android",
      "thirdparty": false,
      "is_cancel_and_newable": true
    },
    {
      "uuid": "9531b80b-2416-4d2d-a6da-825c4479f88c",
      "side": "ask",
      "ord_type": "limit",
      "price": "904700",
      "avg_price": "904304.2990031",
      "state": "done",
      "market": "KRW-ETH",
      "created_at": "2018-02-05T16:39:30+09:00",
      "volume": "7.13756336",
      "remaining_volume": "0",
      "prevented_volume": "0",
      "reserved_fee": "0",
      "remaining_fee": "0",
      "paid_fee": "3228.879054955",
      "locked": "0",
      "prevented_locked": "0",
      "executed_volume": "7.13756336",
      "trades_count": 5,
      "application_name": "android",
      "thirdparty": false,
      "is_cancel_and_newable": true
    }
  ],
  "deposits": [
    {
      "type": "deposit",
      "uuid": "cca067d0-2e27-4a4e-9773-50250fb27498",
      "currency": "KRW",
      "net_type": null,
      "txid": "BKD-2026-03-27-1b9d15f2280f2ca9426de03fee",
      "state": "ACCEPTED",
      "created_at": "2026-03-27T09:39:45+09:00",
      "done_at": "2026-03-27T09:40:15+09:00",
      "amount": "5000000.0",
      "fee": "0.0",
      "transaction_type": "default"
    },
    {
      "type": "deposit",
      "uuid": "9bc414ab-56f3-4462-b5be-ed4c214b622f",
      "currency": "KRW",
      "net_type": null,
      "txid": "BKD-2026-03-24-d774ac07d6d4d90e2f3873ef28",
      "state": "ACCEPTED",
      "created_at": "2026-03-24T16:01:31+09:00",
      "done_at": "2026-03-24T16:01:59+09:00",
      "amount": "10000000.0",
      "fee": "0.0",
      "transaction_type": "default"
    },
    {
      "type": "deposit",
      "uuid": "43ddb6a5-5159-4794-959f-a52494554bfd",
      "currency": "KRW",
      "net_type": null,
      "txid": "BKD-2026-03-18-2c5eeeaa00f3df5ddc325f0740",
      "state": "ACCEPTED",
      "created_at": "2026-03-18T23:37:54+09:00",
      "done_at": "2026-03-18T23:38:21+09:00",
      "amount": "5000000.0",
      "fee": "0.0",
      "transaction_type": "default"
    },
    {
      "type": "deposit",
      "uuid": "885270c2-c07b-410d-8ed6-0356319869f9",
      "currency": "KRW",
      "net_type": null,
      "txid": "BKD-2026-03-18-7a9b5eabd02f203d5e7c5df8d1",
      "state": "REJECTED",
      "created_at": "2026-03-18T23:34:23+09:00",
      "done_at": null,
      "amount": "5000000.0",
      "fee": "0.0",
      "transaction_type": "default"
    },
    {
      "type": "deposit",
      "uuid": "dfa9dd40-1c8c-48cd-89a7-6e1431cb9554",
      "currency": "KRW",
      "net_type": null,
      "txid": "BKD-2026-03-18-7e58583264ad3b4ae6bb72fb73",
      "state": "REJECTED",
      "created_at": "2026-03-18T23:33:15+09:00",
      "done_at": null,
      "amount": "5000000.0",
      "fee": "0.0",
      "transaction_type": "default"
    },
    {
      "type": "deposit",
      "uuid": "74edf930-a494-46f8-84ea-48a0e1d2bac6",
      "currency": "KRW",
      "net_type": null,
      "txid": "quick_payment_O0gK36WiJC1onA",
      "state": "ACCEPTED",
      "created_at": "2026-03-05T00:35:41+09:00",
      "done_at": "2026-03-05T00:35:41+09:00",
      "amount": "97.0",
      "fee": "0.0",
      "transaction_type": "internal"
    },
    {
      "type": "deposit",
      "uuid": "5a99e922-7502-4819-93fe-847924ab32d1",
      "currency": "KRW",
      "net_type": null,
      "txid": "BKD-2026-02-13-45377408867bfe488efaaecfc2",
      "state": "ACCEPTED",
      "created_at": "2026-02-13T15:39:47+09:00",
      "done_at": "2026-02-13T15:40:14+09:00",
      "amount": "100000.0",
      "fee": "0.0",
      "transaction_type": "default"
    },
    {
      "type": "deposit",
      "uuid": "bb3c4066-f463-4b73-82db-461829dca421",
      "currency": "USDT",
      "net_type": "TRX",
      "txid": "2826ac630fc250f585f68421e1fbc812303a49b84b37e5efb8af93dceefc26b7",
      "state": "ACCEPTED",
      "created_at": "2026-01-25T02:59:46+09:00",
      "done_at": "2026-01-25T03:02:40+09:00",
      "amount": "14879.769",
      "fee": "0.0",
      "transaction_type": "default"
    },
    {
      "type": "deposit",
      "uuid": "fdf1574a-4b4c-421e-a2d5-a79c5d43bcfd",
      "currency": "USDT",
      "net_type": "TRX",
      "txid": "55f5526d9e191ea31a5c2f208cc9872dc67ee85c83736ee44d0f714a9ca4cc46",
      "state": "ACCEPTED",
      "created_at": "2026-01-21T00:11:00+09:00",
      "done_at": "2026-01-21T02:30:41+09:00",
      "amount": "2361.789716",
      "fee": "0.0",
      "transaction_type": "default"
    },
    {
      "type": "deposit",
      "uuid": "048d6d84-98ff-47ca-b64e-60f06aace434",
      "currency": "USDT",
      "net_type": "TRX",
      "txid": "01628f65c9eef9f54be06669f05c830f533e174dac93a68001d7a50ca4567325",
      "state": "ACCEPTED",
      "created_at": "2025-09-19T17:03:11+09:00",
      "done_at": "2025-09-19T17:14:59+09:00",
      "amount": "7750.0",
      "fee": "0.0",
      "transaction_type": "default"
    },
    {
      "type": "deposit",
      "uuid": "2bb08eaa-44fb-447f-b48a-6006ddcfb96e",
      "currency": "KRW",
      "net_type": null,
      "txid": "krw_interest_20250701XB4kd5MtcKPy9w",
      "state": "ACCEPTED",
      "created_at": "2025-07-03T17:42:00+09:00",
      "done_at": "2025-07-03T18:40:10+09:00",
      "amount": "7.0",
      "fee": "0.0",
      "transaction_type": "default"
    },
    {
      "type": "deposit",
      "uuid": "29da5c25-6c80-430e-8017-ef9f210125a6",
      "currency": "USDT",
      "net_type": "TRX",
      "txid": "fb01e1c84c11d5c250fbe3e639f7ef3ccc3f8160e8b73bde9c5f6d347e8a0eeb",
      "state": "ACCEPTED",
      "created_at": "2025-06-04T11:42:05+09:00",
      "done_at": "2025-06-04T11:44:22+09:00",
      "amount": "1999.0",
      "fee": "0.0",
      "transaction_type": "default"
    },
    {
      "type": "deposit",
      "uuid": "7d28b44a-a82e-40f2-8f75-2ae0582f305e",
      "currency": "SOPH",
      "net_type": null,
      "txid": "soph_quiz_event_250528-x63TWIiUTftUwA",
      "state": "ACCEPTED",
      "created_at": "2025-05-28T20:20:52+09:00",
      "done_at": "2025-05-28T20:20:52+09:00",
      "amount": "250.0",
      "fee": "0.0",
      "transaction_type": "internal"
    },
    {
      "type": "deposit",
      "uuid": "629993ea-a341-437c-8183-e3c1f73677da",
      "currency": "SOON",
      "net_type": null,
      "txid": "soon_quiz_event_250523-0xxVNjQFpx3xaQ",
      "state": "ACCEPTED",
      "created_at": "2025-05-23T18:59:30+09:00",
      "done_at": "2025-05-23T18:59:30+09:00",
      "amount": "32.0",
      "fee": "0.0",
      "transaction_type": "internal"
    },
    {
      "type": "deposit",
      "uuid": "8f1749ab-2bdc-4756-b411-0c90f88058bb",
      "currency": "KRW",
      "net_type": null,
      "txid": "krw_interest_20250401wNNEJQ3y8DxOMQ",
      "state": "ACCEPTED",
      "created_at": "2025-04-09T14:25:22+09:00",
      "done_at": "2025-04-09T15:58:48+09:00",
      "amount": "484.0",
      "fee": "0.0",
      "transaction_type": "default"
    },
    {
      "type": "deposit",
      "uuid": "45b17c63-7b69-431d-8a11-de1f862340b2",
      "currency": "ETH",
      "net_type": "ETH",
      "txid": "unstaking-9d1087ad-bd08-41d7-85a2-11cece8ca7b4",
      "state": "ACCEPTED",
      "created_at": "2025-01-16T22:59:02+09:00",
      "done_at": "2025-01-16T22:59:02+09:00",
      "amount": "0.43948304",
      "fee": "0.0",
      "transaction_type": "internal"
    },
    {
      "type": "deposit",
      "uuid": "c581905d-855a-4798-8ede-7a436f2f0221",
      "currency": "SOL",
      "net_type": "SOL",
      "txid": "unstaking-bf2872e7-d1a3-4602-ae99-fd4dbc646402",
      "state": "ACCEPTED",
      "created_at": "2025-01-09T15:36:02+09:00",
      "done_at": "2025-01-09T15:36:03+09:00",
      "amount": "4.15747038",
      "fee": "0.0",
      "transaction_type": "internal"
    },
    {
      "type": "deposit",
      "uuid": "bc7492ae-6583-4419-a1b6-3544990bf62c",
      "currency": "POL",
      "net_type": "ETH",
      "txid": "unstaking-e822aa6f-cee8-4629-ad4a-833455f34305",
      "state": "ACCEPTED",
      "created_at": "2025-01-09T15:36:01+09:00",
      "done_at": "2025-01-09T15:36:02+09:00",
      "amount": "517.0131609",
      "fee": "0.0",
      "transaction_type": "internal"
    },
    {
      "type": "deposit",
      "uuid": "fede4d0b-6fa5-481a-acc1-3f74d99376a0",
      "currency": "KRW",
      "net_type": null,
      "txid": "krw_interest_202501015S6YJ9qOVXke7Q",
      "state": "ACCEPTED",
      "created_at": "2025-01-09T14:36:44+09:00",
      "done_at": "2025-01-09T17:03:19+09:00",
      "amount": "519.0",
      "fee": "0.0",
      "transaction_type": "default"
    },
    {
      "type": "deposit",
      "uuid": "0e3e638f-bbdd-47c1-88c0-cc2d3b0e8cfe",
      "currency": "KRW",
      "net_type": null,
      "txid": "BKD-2024-12-30-e5f64cedf491f9ba5df8b76bce",
      "state": "ACCEPTED",
      "created_at": "2024-12-30T18:59:23+09:00",
      "done_at": "2024-12-30T19:00:30+09:00",
      "amount": "6000000.0",
      "fee": "0.0",
      "transaction_type": "default"
    },
    {
      "type": "deposit",
      "uuid": "fcb2002a-f3dd-46fe-986f-51e4ec3d5786",
      "currency": "KRW",
      "net_type": null,
      "txid": "BKD-2024-12-16-c8de690de157e23aa297c2953b",
      "state": "ACCEPTED",
      "created_at": "2024-12-16T10:22:36+09:00",
      "done_at": "2024-12-16T10:23:02+09:00",
      "amount": "6000000.0",
      "fee": "0.0",
      "transaction_type": "default"
    },
    {
      "type": "deposit",
      "uuid": "d8655947-6ad1-4aa0-9077-4624d0957819",
      "currency": "KRW",
      "net_type": null,
      "txid": "BKD-2024-12-16-149abf410350a55de7e6275140",
      "state": "ACCEPTED",
      "created_at": "2024-12-16T10:06:57+09:00",
      "done_at": "2024-12-16T10:07:27+09:00",
      "amount": "37000000.0",
      "fee": "0.0",
      "transaction_type": "default"
    },
    {
      "type": "deposit",
      "uuid": "f5002f55-1c12-4c4e-afd4-e79aadaa964a",
      "currency": "KRW",
      "net_type": null,
      "txid": "BKD-2024-12-09-cbcb9a27243f6dc52bdc107ee1",
      "state": "ACCEPTED",
      "created_at": "2024-12-09T20:54:21+09:00",
      "done_at": "2024-12-09T20:54:49+09:00",
      "amount": "8000000.0",
      "fee": "0.0",
      "transaction_type": "default"
    },
    {
      "type": "deposit",
      "uuid": "be8846e1-4874-4cf5-9786-aa4a01b79ad6",
      "currency": "KRW",
      "net_type": null,
      "txid": "BKD-2024-12-09-875deaf7290135a23309bd8c59",
      "state": "ACCEPTED",
      "created_at": "2024-12-09T10:17:26+09:00",
      "done_at": "2024-12-09T10:17:54+09:00",
      "amount": "3000000.0",
      "fee": "0.0",
      "transaction_type": "default"
    },
    {
      "type": "deposit",
      "uuid": "daddfc4a-d2c9-42c9-b734-a073d79738cb",
      "currency": "KRW",
      "net_type": null,
      "txid": "BKD-2024-12-08-08fe35343e55c9bb1f15c2d1d8",
      "state": "ACCEPTED",
      "created_at": "2024-12-08T19:14:17+09:00",
      "done_at": "2024-12-08T19:14:43+09:00",
      "amount": "500000.0",
      "fee": "0.0",
      "transaction_type": "default"
    },
    {
      "type": "deposit",
      "uuid": "2704ad8c-f96c-4c9d-8dc5-cbfa9d440f69",
      "currency": "KRW",
      "net_type": null,
      "txid": "BKD-2024-12-07-c07ff9a228fb886aff84637f91",
      "state": "ACCEPTED",
      "created_at": "2024-12-07T23:46:00+09:00",
      "done_at": "2024-12-07T23:46:29+09:00",
      "amount": "300000.0",
      "fee": "0.0",
      "transaction_type": "default"
    },
    {
      "type": "deposit",
      "uuid": "5c7bb529-9484-4c66-b8a1-a47b1458f427",
      "currency": "KRW",
      "net_type": null,
      "txid": "BKD-2024-12-05-427902a48e5fafa1f5a3aaae48",
      "state": "ACCEPTED",
      "created_at": "2024-12-05T23:21:56+09:00",
      "done_at": "2024-12-05T23:22:23+09:00",
      "amount": "500000.0",
      "fee": "0.0",
      "transaction_type": "default"
    },
    {
      "type": "deposit",
      "uuid": "72a97827-f170-483d-9fe3-a6404113d9f4",
      "currency": "KRW",
      "net_type": null,
      "txid": "BKD-2024-12-04-3c05f86f423c68516e29dcbcc9",
      "state": "ACCEPTED",
      "created_at": "2024-12-04T00:22:21+09:00",
      "done_at": "2024-12-04T00:26:58+09:00",
      "amount": "24000000.0",
      "fee": "0.0",
      "transaction_type": "default"
    },
    {
      "type": "deposit",
      "uuid": "b6343e11-6f1d-4843-a66f-8775f83c634a",
      "currency": "KRW",
      "net_type": null,
      "txid": "BKD-2024-12-03-e400bf8831b926ef9553ea5d59",
      "state": "ACCEPTED",
      "created_at": "2024-12-03T23:45:56+09:00",
      "done_at": "2024-12-03T23:46:46+09:00",
      "amount": "10000000.0",
      "fee": "0.0",
      "transaction_type": "default"
    },
    {
      "type": "deposit",
      "uuid": "05f271a6-46bd-48d4-8976-b63c8e71ecca",
      "currency": "KRW",
      "net_type": null,
      "txid": "BKD-2024-12-03-c0ebabf515049cc63ad901366f",
      "state": "ACCEPTED",
      "created_at": "2024-12-03T23:33:43+09:00",
      "done_at": "2024-12-03T23:34:16+09:00",
      "amount": "21000000.0",
      "fee": "0.0",
      "transaction_type": "default"
    },
    {
      "type": "deposit",
      "uuid": "9c4094b3-4773-4062-8bf3-2c065365b83a",
      "currency": "KRW",
      "net_type": null,
      "txid": "BKD-2024-11-30-71f41c90fb673406e1980c054a",
      "state": "ACCEPTED",
      "created_at": "2024-11-30T16:46:21+09:00",
      "done_at": "2024-11-30T16:46:48+09:00",
      "amount": "5000000.0",
      "fee": "0.0",
      "transaction_type": "default"
    },
    {
      "type": "deposit",
      "uuid": "be6227ed-882e-4ef7-b1d3-87555ba55b13",
      "currency": "KRW",
      "net_type": null,
      "txid": "BKD-2024-11-11-73dd0afc6230fee9eab9e2b4f5",
      "state": "ACCEPTED",
      "created_at": "2024-11-11T13:30:28+09:00",
      "done_at": "2024-11-11T13:30:56+09:00",
      "amount": "4700000.0",
      "fee": "0.0",
      "transaction_type": "default"
    },
    {
      "type": "deposit",
      "uuid": "c1ab1de5-b5c1-4c34-9730-75deadfd911d",
      "currency": "KRW",
      "net_type": null,
      "txid": "BKD-2024-11-10-0f74f74fcf7e69a6bd04595c82",
      "state": "ACCEPTED",
      "created_at": "2024-11-10T23:42:38+09:00",
      "done_at": "2024-11-10T23:43:35+09:00",
      "amount": "300000.0",
      "fee": "0.0",
      "transaction_type": "default"
    },
    {
      "type": "deposit",
      "uuid": "c8706179-7958-412f-932e-aa144484ea52",
      "currency": "ETH",
      "net_type": "ETH",
      "txid": "0xc25b9ed134bfbc07fb0ac9d040127e76f24f09c519851de9b59e7fa37b0580be",
      "state": "ACCEPTED",
      "created_at": "2018-02-05T06:28:40+09:00",
      "done_at": "2018-02-05T06:40:48+09:00",
      "amount": "7.13756336",
      "fee": "0.0",
      "transaction_type": "default"
    }
  ],
  "withdraws": [
    {
      "type": "withdraw",
      "uuid": "a0683c44-6f80-4c7f-8ca1-2e47fec798b0",
      "currency": "KRW",
      "net_type": null,
      "txid": "BKW-2026-01-26-b5789ec83ca3415f36f5d21c1b",
      "state": "DONE",
      "created_at": "2026-01-26T23:14:31+09:00",
      "done_at": "2026-01-26T23:14:59+09:00",
      "amount": "25228021.0",
      "fee": "1000.0",
      "transaction_type": "default",
      "is_cancelable": false
    },
    {
      "type": "withdraw",
      "uuid": "16225d58-3041-4fc3-aa0a-61d6a2da116b",
      "currency": "KRW",
      "net_type": null,
      "txid": "BKW-2026-01-26-47be0496441ca442f69b1c0623",
      "state": "FAILED",
      "created_at": "2026-01-26T23:11:50+09:00",
      "done_at": null,
      "amount": "25228021.0",
      "fee": "1000.0",
      "transaction_type": "default",
      "is_cancelable": false
    },
    {
      "type": "withdraw",
      "uuid": "36733728-e52b-467d-8b81-ea1a97864622",
      "currency": "KRW",
      "net_type": null,
      "txid": "BKW-2025-09-19-857890a6fe50c68e98bdddbb16",
      "state": "DONE",
      "created_at": "2025-09-19T18:36:37+09:00",
      "done_at": "2025-09-19T18:37:04+09:00",
      "amount": "10801427.0",
      "fee": "1000.0",
      "transaction_type": "default",
      "is_cancelable": false
    },
    {
      "type": "withdraw",
      "uuid": "1654e89a-58f3-40e4-bea7-66ae00a47c88",
      "currency": "KRW",
      "net_type": null,
      "txid": "BKW-2025-06-04-bc3534b8c972ef48c3d846ca00",
      "state": "DONE",
      "created_at": "2025-06-04T13:06:45+09:00",
      "done_at": "2025-06-04T13:07:03+09:00",
      "amount": "2825345.0",
      "fee": "1000.0",
      "transaction_type": "default",
      "is_cancelable": false
    },
    {
      "type": "withdraw",
      "uuid": "43e6580a-8568-4274-b0f5-bd71b3553b12",
      "currency": "USDT",
      "net_type": "TRX",
      "txid": "d6b98f4b7c3e2b0dd89df37719c2e45f1ab9eb527bd1d8ac453d4e907bb643dd",
      "state": "DONE",
      "created_at": "2025-01-17T16:16:11+09:00",
      "done_at": "2025-01-17T16:18:20+09:00",
      "amount": "1480.088565",
      "fee": "0.0",
      "transaction_type": "default",
      "is_cancelable": false
    },
    {
      "type": "withdraw",
      "uuid": "b958ca5e-c5c9-4ecf-8d77-5c64e61c8e4d",
      "currency": "USDT",
      "net_type": "TRX",
      "txid": "b2d265a2afbcbdfed163a4113b9395199ff49145249c894ec6f6c01f08337500",
      "state": "DONE",
      "created_at": "2025-01-16T17:50:09+09:00",
      "done_at": "2025-01-16T17:52:31+09:00",
      "amount": "5050.585727",
      "fee": "0.0",
      "transaction_type": "default",
      "is_cancelable": false
    },
    {
      "type": "withdraw",
      "uuid": "0ec905d3-7835-4d9c-b3e0-33886c8afbaf",
      "currency": "USDT",
      "net_type": "TRX",
      "txid": "4c78484d59b5893d3c0e453f101bbb113a157350ca6cf5e954567b25b94ea72b",
      "state": "DONE",
      "created_at": "2025-01-06T15:39:43+09:00",
      "done_at": "2025-01-06T15:42:09+09:00",
      "amount": "3586.440542",
      "fee": "0.0",
      "transaction_type": "default",
      "is_cancelable": false
    },
    {
      "type": "withdraw",
      "uuid": "6a428105-3da2-4aae-8a3c-a945b14802d7",
      "currency": "USDT",
      "net_type": "TRX",
      "txid": "28543b701da7400bb428206f39b7be687358887103531282962dba89ff5074f2",
      "state": "DONE",
      "created_at": "2025-01-06T01:00:18+09:00",
      "done_at": "2025-01-06T01:03:00+09:00",
      "amount": "2324.30624",
      "fee": "0.0",
      "transaction_type": "default",
      "is_cancelable": false
    },
    {
      "type": "withdraw",
      "uuid": "a4150d6b-ca65-40b0-8424-6e11da04d9eb",
      "currency": "USDT",
      "net_type": "TRX",
      "txid": "9e1e8f2613c9141fa82322fcf993f3d2d8b4ebc10b9b573080ba14f39615f29b",
      "state": "DONE",
      "created_at": "2024-12-18T00:08:07+09:00",
      "done_at": "2024-12-18T00:10:27+09:00",
      "amount": "25827.076148",
      "fee": "0.0",
      "transaction_type": "default",
      "is_cancelable": false
    },
    {
      "type": "withdraw",
      "uuid": "d1d0c260-60e9-4240-998c-0dd1aede0d3e",
      "currency": "USDT",
      "net_type": "TRX",
      "txid": "74c0063472921d3c3f1ef90ac08fd57099da21e4713a36be0abd68c3076cf557",
      "state": "DONE",
      "created_at": "2024-12-16T10:44:59+09:00",
      "done_at": "2024-12-16T10:47:28+09:00",
      "amount": "5504.564012",
      "fee": "0.0",
      "transaction_type": "default",
      "is_cancelable": false
    },
    {
      "type": "withdraw",
      "uuid": "e992b545-3233-4ea7-a4d5-0e762189815b",
      "currency": "USDT",
      "net_type": "TRX",
      "txid": "034969d3e99d20d5bdabda46592fce06e5e6d2d87310c3f382e7a65ccd4287dc",
      "state": "DONE",
      "created_at": "2024-12-10T11:26:43+09:00",
      "done_at": "2024-12-10T11:29:59+09:00",
      "amount": "350.742213",
      "fee": "0.0",
      "transaction_type": "default",
      "is_cancelable": false
    },
    {
      "type": "withdraw",
      "uuid": "da5d17a8-1949-44f9-af8f-33c793028012",
      "currency": "USDT",
      "net_type": "TRX",
      "txid": "4f8e7661c8768a67cf370fce6a01abc77929a8f37092d1d27045fb4bb57df891",
      "state": "DONE",
      "created_at": "2024-12-09T21:05:36+09:00",
      "done_at": "2024-12-10T11:07:21+09:00",
      "amount": "5000.0",
      "fee": "0.0",
      "transaction_type": "default",
      "is_cancelable": false
    },
    {
      "type": "withdraw",
      "uuid": "67b9dec8-d430-4d45-84f0-4e5a22a0c9a4",
      "currency": "POL",
      "net_type": "ETH",
      "txid": "staking-848d7de9-8ed6-42ce-aec2-5c61ffb6b68d",
      "state": "DONE",
      "created_at": "2024-12-09T12:45:38+09:00",
      "done_at": "2024-12-09T12:45:38+09:00",
      "amount": "515.46391752",
      "fee": "0.0",
      "transaction_type": "internal",
      "is_cancelable": false
    },
    {
      "type": "withdraw",
      "uuid": "c79a43d2-f996-4518-9234-70b0dd577549",
      "currency": "USDT",
      "net_type": "TRX",
      "txid": "b5b5cb2370625c341c029b8d7f1f170d108fa5a3d0325fcb1bf5f91871d23a84",
      "state": "DONE",
      "created_at": "2024-12-08T19:54:59+09:00",
      "done_at": "2024-12-08T19:56:58+09:00",
      "amount": "346.243553",
      "fee": "0.0",
      "transaction_type": "default",
      "is_cancelable": false
    },
    {
      "type": "withdraw",
      "uuid": "d5c72037-7f7f-4fac-ad10-9b9457186bb9",
      "currency": "USDT",
      "net_type": "TRX",
      "txid": "3403f0fb82bed26a2b43e816277723df9e01bd50713822ac1aad57ec2c831144",
      "state": "DONE",
      "created_at": "2024-12-08T19:38:51+09:00",
      "done_at": "2024-12-08T19:41:29+09:00",
      "amount": "10.0",
      "fee": "0.0",
      "transaction_type": "default",
      "is_cancelable": false
    },
    {
      "type": "withdraw",
      "uuid": "1c694e3d-3af8-4f3d-af69-d32dd9b2b784",
      "currency": "USDT",
      "net_type": "TRX",
      "txid": "29f5d27c4caf46cafbb29d643108c099401d46ec89545acd7ce5219a82063b72",
      "state": "DONE",
      "created_at": "2024-12-08T19:21:33+09:00",
      "done_at": "2024-12-08T19:23:54+09:00",
      "amount": "0.1",
      "fee": "0.0",
      "transaction_type": "default",
      "is_cancelable": false
    },
    {
      "type": "withdraw",
      "uuid": "d9b5163e-afce-4f2a-94e2-544526b73058",
      "currency": "ETH",
      "net_type": "ETH",
      "txid": "staking-6735ab39-fc95-40da-8fa6-ba9cf09befe7",
      "state": "DONE",
      "created_at": "2024-12-08T03:35:37+09:00",
      "done_at": "2024-12-08T03:35:37+09:00",
      "amount": "0.43857212",
      "fee": "0.0",
      "transaction_type": "internal",
      "is_cancelable": false
    },
    {
      "type": "withdraw",
      "uuid": "10a86d22-b74c-47e4-ae42-f2578b1cc84a",
      "currency": "SOL",
      "net_type": "SOL",
      "txid": "staking-e8d5ef76-4d4f-4c2a-b461-537918c3ba7f",
      "state": "DONE",
      "created_at": "2024-12-08T03:34:45+09:00",
      "done_at": "2024-12-08T03:34:45+09:00",
      "amount": "4.13800025",
      "fee": "0.0",
      "transaction_type": "internal",
      "is_cancelable": false
    },
    {
      "type": "withdraw",
      "uuid": "6cb08df3-da39-4017-b916-e4b499875ece",
      "currency": "USDT",
      "net_type": "TRX",
      "txid": "f28235adbc16e446cba5d8df5d8f083305ec3805ccd6080a40b713b255aa39af",
      "state": "DONE",
      "created_at": "2024-12-08T00:07:12+09:00",
      "done_at": "2024-12-08T00:09:09+09:00",
      "amount": "215.086515",
      "fee": "0.0",
      "transaction_type": "default",
      "is_cancelable": false
    },
    {
      "type": "withdraw",
      "uuid": "d07e498d-3ff4-46da-b9f3-1624caeb84cb",
